2809 4850
220 628 268 673 mc
289 629 356 675 esse
376 570 740 691 deceptuquuoe'sotnri
760 608 905 671 hnmanae
918 625 984 685 non
1006 605 1103 669 solum
1123 625 1182 670 non
1203 605 1301 670 fuerit

132 710 139 727 ⁸
221 695 441 776 impedimento,
482 693 533 755 sed
566 692 653 754 etiarn
694 710 755 756 una
789 692 918 754 omnium
955 690 1085 752 maximo
1117 692 1301 757 adiumento.

222 780 302 842 ldem
330 779 425 859 placet
452 775 590 840 carminis
618 777 740 842 obetori.
788 776 885 838 lllorte
909 774 1020 839 Christi
1048 774 1133 856 quasi
1154 776 1303 839 illecebra

223 862 363 941 allectus,
388 862 479 924 Satan
506 862 626 925 hamum
648 860 797 923 devorarit
824 860 843 924 i.
869 880 896 922 e.
925 880 979 921 suo
1001 880 1034 922 se
1055 860 1153 941 gladio
1174 862 1304 922 interfe-

224 947 273 1010 cit.
323 947 462 1013 Fortasse
492 956 595 1028 poetae
623 946 660 1006 ob
688 946 788 1007 oculos
824 945 996 1006 versabatur
1028 944 1110 1007 loeus
1131 943 1198 1006 libri
1232 945 1303 1007 lobi

224 1053 250 1096 e.
266 1031 339 1108 XL,
359 1031 414 1096 20.
433 1050 496 1111 „aa
510 1032 663 1093 extrahere
673 1030 794 1112 ‘poteris
807 1029 970 1091 Leriathau
990 1030 1077 1091 hamo
1091 1039 1120 1090 et
1132 1029 1202 1092 lune
1216 1029 1304 1111 liga·

223 1116 270 1179 his
291 1116 423 1197 linguam
444 1116 533 1178 eius“
553 1149 597 1162 -
617 1113 646 1175 id
661 1116 765 1176 saltem
781 1124 890 1176 eertum
904 1124 963 1192 est,
986 1113 1136 1175 diabolum
1153 1116 1305 1196 saepissi-

224 1221 272 1265 me
292 1221 358 1264 eum
377 1200 556 1265 Ledathane
577 1201 752 1285 comparari.
785 1197 927 1260 Conleros
948 1197 1035 1259 etiam
1058 1208 1198 1260 vetustam
1219 1199 1305 1261 Ger-

225 1285 370 1348 manicam
397 1286 557 1347 cantionem
584 1304 637 1347 so..
653 1283 718 1348 ΧΠ,
753 1280 829 1364 apud
864 1283 904 1346 H.
936 1281 1095 1345 Hoffmann
1121 1282 1303 1346 Gesehicbte

226 1370 278 1432 des
299 1371 460 1432 deutschen*
477 1366 699 1432 Kirchenliedes
721 1367 767 1430 bis
787 1367 842 1429 aul
856 1367 984 1431 Luthers
1004 1367 1069 1429 Zeit
1090 1367 1123 1431 S.
1143 1367 1197 1432 23.
1218 1388 1303 1450 sqq„

228 1453 311 1518 euius
332 1455 454 1537 stropha
474 1453 573 1536 quinta
594 1454 667 1515 boec
689 1462 734 1515 est

377 1640 388 1651 ὓ
438 1569 497 1631 Ein
518 1567 697 1648 angelsnnor
718 1563 859 1647 geflchtin
880 1569 935 1648 ist,

437 1654 552 1715 dannen
572 1654 612 1713 dd
634 1653 746 1732 geborn
767 1651 841 1732 bist,

439 1739 493 1800 daz
510 1756 573 1800 mas
592 1737 641 1797 diu
663 1737 713 1798 dia
733 1736 904 1815 lrnneseast,

438 1823 491 1884 der
511 1821 601 1901 angel
621 1839 683 1883 uas
703 1820 753 1882 diu
774 1832 857 1901 gotes
878 1821 977 1899 kraft,

440 1907 487 1969 do
505 1908 570 1969 der
587 1905 640 1967 tot
661 1914 756 1967 rrart
776 1924 845 1967 ane
867 1905 1075 1989 iruorgen,

439 1991 492 2054 der
513 2011 571 2053 ron
591 1990 636 2050 dir
656 1999 730 2051 mart
750 1992 915 2072 verborgen

483 2068 592 2138 Sancta
610 2074 725 2138 Maria!

227 2199 281 2264 28.
303 2195 340 2260 (l.
363 2214 411 2258 om
430 2201 470 2256 nt
488 2190 573 2256 Cass.
594 2201 777 2273 resurgat
802 2191 884 2255 rita
910 2191 1091 2272 omnium,
1115 2193 1175 2256 Ell.
1207 2190 1304 2255 inter-

227 2282 517 2347 seritroenlomet.
559 2277 926 2360 32.Thom.qnaerit.
969 2278 1054 2344 Cass.
1085 2278 1302 2364 perissese

119 2455 123 2468 ,
229 2367 324 2431 sola.
371 2365 571 2446 &gemae

722 2707 797 2778 xlc

557 2849 707 2936 Hymnus
734 2850 780 2915 ad
808 2850 970 2916 Tertiam.

228 2982 314 3048 Nunc
333 2991 432 3046 sancte
452 2984 538 3047 nobis
559 2984 696 3066 spiritus,
789 2965 847 3067 Os,
869 2985 989 3066 lingua,
1016 3004 1116 3084 mens,
1136 3006 1260 3069 sensus,

91 3071 138 3132 ’,
227 3068 312 3132 Uuns
334 3070 425 3149 patris
446 3090 511 3131 earn
533 3068 611 3149 filio,
1064 3092 1150 3150 rigor
1221 3119 1224 3126 ,
1282 3071 1306 3135 5

225 3153 357 3233 Digrtare
377 3166 527 3236 promptus
547 3150 643 3234 iugeri
788 3152 1009 3217 cenfessionem
1030 3163 1165 3237 personet

174 3285 182 3296 ,
227 3239 335 3301 Nostro
352 3241 469 3304 refusus
492 3238 612 3321 pectori.
786 3238 983 3303 Flammescat
1003 3241 1072 3322 igne
1093 3240 1218 3318 caritas,

786 3326 932 3388 Accendut
953 3328 1041 3388 ardor
1060 3323 1222 3408 proximos.

479 3491 622 3640 {Praesto
642 3499 727 3573 poter
746 3490 878 3573 piissime
1224 3555 1228 3562 ,
1394 3567 1395 3574 p

506 3577 618 3657 utrique
639 3596 758 3658 compar
777 3576 882 3654 unice,
1261 3578 1308 3645 10

482 3660 558 3725 Cum
579 3660 683 3744 spiritu
704 3660 845 3744 paraclito

481 3747 568 3812 Nunc
588 3756 617 3810 et
637 3767 691 3829 per
713 3767 798 3810 omne
818 3747 1002 3832 saeculum]

671 3898 841 3910 .——-—

311 3973 368 4039 Hic
380 3976 506 4057 hymnus
519 3977 618 4041 tertiae
629 3975 721 4041 horae
735 3986 891 4059 propterea
903 3977 939 4040 ad
953 3974 1088 4060 spiritum
1103 3985 1236 4042 sanctum
1248 3999 1311 4060 pc·

227 4056 371 4122 tissimum
385 4060 509 4139 relatus,
531 4065 606 4140 quood
632 4061 659 4125 is
672 4082 708 4124 ea
725 4064 799 4127 hora
822 4064 977 4144 ignearum
1002 4061 1172 4142 linguarum
1201 4063 1308 4142 specie

226 4141 258 4205 iu
278 4144 427 4226 apostolus
448 4145 630 4209 descendisse
652 4161 911 4228 commemoratur,
933 4146 963 4208 in
984 4149 1120 4211 omnibus
1142 4148 1229 4210 libris
1253 4169 1311 4210 ec·
1392 4159 1393 4162 ’

224 4227 397 4292 elesiastiois
416 4228 571 4310 reperitur.
612 4230 802 4296 Consentiunt
822 4233 902 4296 enim
925 4251 1026 4296 omnes
1047 4232 1079 4294 in
1101 4232 1222 4319 hymnis
1246 4233 1310 4295 ho·

225 4330 339 4394 ruem,
360 4311 589 4396 praedicuntur
609 4315 754 4383 minores:
779 4318 810 4383 in
830 4318 905 4403 ipsis
927 4317 1134 4385 uetustissimis
1154 4316 1312 4388 menbra·
