2809 4850
227 548 308 644 lraii
330 599 399 641 rou
427 566 597 660 grn'nden
625 578 697 640 nnd
721 556 809 639 sein
838 576 1088 640 rosenlarlres
1116 578 1233 665 pluet.
1266 577 1303 644 t.
1378 612 1379 635 r

160 706 161 713 κ
229 660 279 728 Pr.
298 665 355 728 Nu.
375 662 475 726 Germ.
497 663 664 725 ilummia
686 682 729 723 ne
750 682 842 724 nrar
864 659 1078 724 saonensis.
1099 666 1130 727 5.
1152 663 1210 724 Nlo
1232 683 1308 743 per

230 761 264 812 te
286 750 356 831 pin.
377 750 407 811 4.
430 751 460 812 5.
481 748 525 809 Μ.
546 748 597 810 10.
623 747 663 809 il.
690 768 734 809 ne
764 766 851 810 nror
878 746 1060 810 soonensi
1090 748 1142 828 (l)
1170 768 1237 828 per
1269 763 1307 808 te

231 833 341 915 virgo
363 833 480 905 simne
503 830 666 894 delenei.
690 867 731 878 -
773 830 806 894 ln
828 830 875 894 his
902 831 1031 911 strophio
1052 842 1167 911 poetam
1189 832 1310 912 eogita-

119 996 122 1002 ,
231 938 265 981 re
286 921 321 978 de
342 918 488 998 stigmatis
516 918 551 979 S.
579 915 730 979 Franoisei
757 915 816 979 iana
847 934 936 996 snpra
965 917 1144 981 monuimus.
1193 917 1309 979 Smilia

149 1024 153 1035 ·
196 1032 198 1045 ·
232 1013 398 1085 precantem
420 1002 490 1064 lauit
509 1003 536 1064 J.
558 1002 591 1066 B.
615 1002 769 1064 Ronsseun
788 1003 902 1063 Annam
922 997 1123 1082 Cutharin'um,
1142 1002 1310 1066 monialem

232 1089 316 1152 illam
337 1087 572 1167 Caesieldensem
593 1086 774 1148 notissimam
795 1086 969 1175 (Leganden
991 1085 1024 1154 S.
1047 1087 1112 1167 21.)

332 1282 335 1291 ‚
424 1221 500 1286 Was
521 1221 598 1284 moin
620 1221 701 1285 Iesus
722 1222 774 1283 luat
794 1220 925 1300 gelitten,
1029 1222 1034 1227 “

423 1307 514 1383 Gneo,
535 1326 554 1366 o
576 1305 657 1383 Gon,
680 1306 757 1368 anuh
780 1305 837 1367 mir
857 1327 910 1368 zor
931 1284 1021 1368 i'ein!

419 1390 574 1470 Wunden,
601 1392 646 1452 die
668 1390 732 1451 sein
754 1390 832 1452 Horu
853 1390 1091 1454 dnrolrselmillen

424 1473 511 1537 Solln
534 1477 610 1539 auoln
638 1474 696 1537 mir
724 1475 875 1541 lescherel
895 1476 967 1545 sein,
990 1508 1031 1523 —

422 1610 495 1674 Alsa
516 1609 568 1673 mit
589 1610 875 1691 geluolrnendrmeu,

423 1692 542 1757 Weinte
569 1696 613 1757 sie
633 1716 699 1756 nom
728 1694 971 1774 Himmelaglunn‚

379 1783 386 1791 ’
424 1777 535 1841 sussen
555 1779 681 1854 lilittler,
711 1780 768 1842 lralr
796 1779 970 1856 Ennomon,

425 1862 562 1926 Schenke
582 1863 727 1926 mir-dein
747 1863 858 1926 Leiden
879 1883 984 1945 gone.

228 2040 231 2048 ·
320 1996 1312 2082 StropbaDeeima.1-3.Pr.Nlo.Car1n.Clrristeonm

131 2116 135 2135 ·
236 2082 287 2151 tit
308 2087 396 2149 hino
422 2083 530 2147 exire
558 2086 603 2147 da
625 2106 688 2163 per
717 2094 878 2146 matrem
905 2104 959 2147 mo
989 2083 1121 2146 reuira
1149 2086 1193 2145 ad
1221 2087 1314 2166 pnl-

235 2169 547 2235 mamrietoriae.
569 2169 614 2231 nl.
633 2169 682 2233 10.
704 2170 789 2232 luen
805 2166 964 2231 Christe
981 2164 1059 2231 enm
1081 2170 1133 2230 sit
1152 2169 1312 2232 leioexi-

235 2274 276 2318 re
297 2255 340 2316 da
361 2265 602 2335 permetrem
623 2275 690 2316 nos
705 2252 850 2317 venire.
875 2252 1081 2316 Munsnlisb.
1104 2254 1313 2316 starkeber

236 2322 339 2417 Gotti
361 2337 491 2402 alnioh
513 2339 753 2415 versehuide,
774 2337 846 2400 teil
868 2337 933 2400 mit
955 2338 1144 2401 mirduroh
1161 2330 1317 2417 dynam

236 2426 305 2488 den
326 2426 449 2487 moide
469 2426 513 2507 dp
541 2424 665 2505 palme
693 2424 757 2484 der
786 2421 936 2503 sigunnil
962 2421 1056 2490 dein
1078 2426 1107 2487 5.
1130 2426 1160 2489 6.
1183 2422 1233 2490 Pr,
1253 2425 1312 2490 lib,

237 2531 264 2574 a.
285 2529 312 2573 a
334 2509 459 2572 animo
486 2542 528 2555 ·-
552 2528 619 2588 par
647 2507 814 2589 gloriae.
834 2508 915 2574 Mon.
936 2507 1048 2571 Salisio.
1091 2508 1212 2570 Wann
1242 2511 1312 2570 der

237 2594 316 2661 leil
337 2592 458 2656 allhie
480 2594 657 2655 ersterlie
678 2596 743 2655 das
769 2594 815 2674 dy
843 2593 924 2655 sold
945 2594 1028 2654 dart
1048 2596 1219 2655 eruentae
1240 2595 1313 2656 des

236 2676 442 2762 paradisus
462 2678 600 2739 klnren
621 2677 760 2741 soloin.
802 2678 832 2743 li.
852 2676 885 2737 ln
906 2678 1054 2740 nonnullis
1075 2679 1217 2758 gratio.

218 2837 223 2844 ⁵
344 2762 445 2824 Huius
466 2772 576 2824 textum
604 2762 714 2824 Prosae
741 2772 774 2824 ut
801 2761 893 2823 lentur
919 2760 1058 2823 inlibris
1086 2762 1313 2843 vulgatiorilons

238 2845 265 2911 si
286 2846 428 2908 nonnulla
455 2845 603 2926 excipias,
630 2846 659 2908 in
682 2845 818 2926 plurimis
839 2845 894 2908 sibi
925 2844 1117 2911 simillimum.
1152 2847 1314 2909 Praeterea

188 2931 202 2974 '¹
238 2948 308 2994 vero
323 2930 410 2992 etiam
424 2939 624 3010 exstutpmsu
645 2932 741 2992 lorma
763 2929 893 3009 dilatate,
917 2938 946 2990 nl
961 2931 1001 2991 ita
1015 2932 1108 2993 dicum
1130 2941 1159 2992 et
1180 2931 1315 3013 amplifi-

238 3011 314 3093 natu,
335 3032 422 3096 qnam
445 3013 482 3076 ad
502 3015 580 3078 huno
601 3014 680 3076 diem
702 3035 794 3095 nsque
815 3016 871 3076 riri
894 3015 969 3075 doeti
989 3016 1142 3095 ignorasse
1163 3018 1313 3079 ridentur.

237 3099 334 3164 Adeas
363 3097 642 3160 Bernardinnm
669 3100 713 3160 de
741 3099 874 3163 Bootis
901 3097 931 3160 in
953 3099 1071 3162 Rosarii
1090 3103 1177 3164 Parte
1198 3100 1235 3166 ll.
1258 3102 1315 3166 iol.

238 3182 358 3246 cxlvi
378 3179 427 3260 *γ
458 3184 507 3243 sed
530 3203 596 3243 eum
620 3184 693 3244 lilur
715 3206 772 3245 uon
795 3184 946 3246 admodum
970 3184 1105 3265 frequens
1129 3184 1185 3265 sit,
1213 3198 1315 3247 truns-

237 3268 366 3332 aeribere
378 3265 474 3348 ploret
496 3286 532 3328 ex
549 3267 662 3346 prolixo
677 3270 815 3333 serundo
831 3267 1041 3347 compassione
1064 3270 1196 3352 Virginis
1209 3269 1312 3333 habito

239 3372 314 3435 qnae
334 3355 455 3436 adrem
477 3351 600 3414 iaciunt:
623 3352 686 3430 „De
709 3372 766 3433 qna
787 3353 893 3434 (matre
916 3341 1064 3439 dullrnsa)
1086 3355 1209 3436 loquens
1229 3354 1314 3436 qni-

238 3438 316 3500 dam
337 3441 497 3500 derotua
519 3439 808 3520 contemplator
828 3439 905 3505 dieii.

238 3588 343 3660 Stalatd
367 3599 461 3652 mater
482 3590 617 3653 dolorosa
795 3589 821 3653 0
843 3603 938 3670 qnam'
954 3588 1046 3650 tristis
1067 3599 1094 3652 et
1116 3590 1226 3654 aldiota

236 3674 325 3738 quta
346 3693 460 3735 ornnem
484 3674 639 3738 lacrimoso
789 3674 863 3737 «Fuit
886 3674 938 3735 illo
962 3674 1112 3738 benedicta

239 3757 319 3822 Dum
340 3760 482 3841 pendebat
501 3759 594 3820 lilioso
793 3758 895 3824 Mater
915 3758 1074 3838 unigenitie

238 3843 332 3908 Gnins
352 3844 481 3906 animam
495 3853 666 3924 gementem
795 3844 879 3919 Quae
901 3845 1050 3922 moerebat
1071 3850 1099 3905 et
1120 3842 1238 3906 dolelint

239 3927 446 3991 contristatam
475 3939 502 3991 et
524 3928 668 3990 dolentem
796 3928 835 3990 Et
858 3927 978 3989 timehnt
998 3930 1067 3989 dum
1089 3927 1206 3991 ridebat

237 4013 438 4075 Pertransiiat
458 4013 586 4094 gladius.
796 4011 866 4076 Nati
888 4030 998 4093 poenae
1019 4012 1130 4095 inclyti.

307 4246 335 4312 ¹¹)
353 4252 494 4303 linearium
512 4252 675 4304 Sermonum
688 4250 913 4322 praedicabilium
925 4270 975 4323 per
988 4251 1098 4304 fratrem
1114 4248 1318 4305 Bernardintum

239 4320 381 4374 delineatio
400 4319 503 4406 ordinis
521 4321 658 4374 Minorem
676 4333 726 4373 etc.
743 4322 917 4390 Hegenoniae
936 4318 1012 4376 1513.
1031 4322 1133 4374 Partes.
1151 4320 1199 4373 lv.
