2809 4850
754 447 861 523 822

398 630 439 693 Ut
458 650 477 694 a
498 593 582 692 terro
602 625 689 690 inferi
712 647 765 707 per
786 636 814 686 te
836 624 950 690 liberati
1015 631 1019 638 ’

397 714 619 794 consequamur
640 712 726 773 tteort
745 711 822 776 riam
845 709 887 772 tui
910 714 979 778 uati.

398 865 618 930 clamamus
639 862 772 927 darotius
794 863 831 925 ati
853 871 880 925 te
903 866 1086 946 suspirantes

282 947 285 952 ⁴
401 952 441 1014 Et
460 949 648 1013 affectuosius
670 961 699 1010 et
721 947 768 1030 pie
791 959 962 1028 precautes,

399 1035 474 1098 noto
495 1035 570 1117 quod
593 1032 719 1096 interius
739 1032 817 1095 maia
838 1033 999 1113 cogitantes

403 1119 556 1185 Gesuimos
577 1117 708 1183 extarios
729 1135 818 1197 opere
840 1130 998 1196 permutes.

399 1271 546 1336 Ex'uiea
567 1269 658 1332 exilio
680 1288 782 1332 omues
803 1288 905 1330 sumas
926 1268 983 1331 deti

398 1359 456 1419 Pro
478 1363 630 1437 pareutum
646 1350 717 1416 vitio
739 1352 836 1433 gioria
857 1351 1003 1434 priuatis

397 1439 529 1504 Paradisi
551 1437 659 1520 gaudio
680 1446 710 1498 et
730 1436 901 1514 exorbitati,

398 1526 464 1588 Tuo
487 1521 626 1586 beneficio
646 1537 750 1585 summ
767 1523 907 1602 reparati.

284 1749 287 1754 Ἴ
399 1674 494 1738 iiiiii
517 1671 637 1755 suspirii
658 1672 780 1753 prodere
802 1681 945 1752 coguntur

395 1760 496 1823 Mou’
540 1778 572 1820 ro
593 1757 715 1820 miseria
735 1777 788 1836 per
808 1776 895 1837 quam
918 1757 1120 1838 involvuntur,

396 1841 440 1906 tt
461 1846 479 1906 d
530 1850 598 1904 usta
618 1841 691 1905 ritia
711 1860 800 1922 saepe
820 1841 1003 1921 dilabuntur,

398 1928 456 1991 set
480 1926 679 1991 miserirordia
699 1935 750 1988 trra
770 1924 940 1988 fulciuntur.

394 2079 496 2160 Euae
517 2077 633 2159 lapsum
655 2075 752 2140 intulit
767 2078 904 2138 damnum
925 2078 1110 2158 desperatum

393 2165 432 2225 Et
452 2182 472 2225 a
493 2162 577 2226 uobis
598 2161 717 2224 abstulit
737 2161 877 2240 gandium
899 2163 1014 2223 boatum

392 2250 435 2310 Aa
457 2258 524 2328 post
543 2247 636 2309 Euam
658 2246 779 2307 eontulit
799 2245 908 2325 virgini
931 2246 1128 2324 incarnatum,

392 2333 459 2410 Qua
479 2342 603 2394 mortem
623 2329 742 2414 sustulit
761 2327 846 2390 ottott
867 2342 1026 2408 peceatum.
1049 2388 1054 2396 .

394 2476 444 2546 ro
466 2495 502 2545 te
522 2483 649 2547 abmaut
670 2481 780 2563 iugiter
800 2480 841 2543 tui
863 2480 1038 2545 famulantes

394 2569 431 2630 Et
452 2568 482 2629 iu
504 2579 531 2629 te
553 2565 677 2630 fideliter
697 2586 801 2629 anuos
820 2565 1003 2645 suspirantes

393 2653 587 2733 iurameuqua
608 2661 689 2712 tuum
713 2649 839 2731 benigne
861 2660 1011 2731 precautes

391 2724 480 2816 Quoi
495 2735 722 2802 misericorditer
743 2735 847 2798 rottae
868 2744 1016 2815 rogantes.

394 2887 640 2968 suspiramus
661 2885 777 2949 fletibus
798 2885 907 2948 uostris
928 2904 982 2966 pro
1000 2886 1127 2965 precatis

393 2973 430 3034 Et
450 2972 559 3033 uostris
577 2971 738 3034 maioribus
759 2989 814 3051 per
838 2989 894 3033 uos
922 2971 1095 3051 perpetratis

391 3056 449 3119 Sed
474 3054 503 3116 iu
526 3066 553 3135 to
575 3054 747 3118 confidimus
769 3065 863 3116 mater
883 3053 1016 3134 pietatis,

347 3186 353 3195 ,
391 3141 467 3207 Vere
489 3138 703 3221 poenitentibus
722 3138 837 3203 reniam
859 3140 898 3202 da
918 3139 1022 3219 gratis.

390 3292 589 3355 Gemeutes
604 3288 762 3352 repulimus
780 3290 860 3352 mata
880 3297 1024 3352 retroacta

390 3378 475 3454 Qpae
496 3375 595 3457 iuiq'ue
617 3372 765 3455 gessimus
786 3383 882 3436 meute
903 3394 962 3436 non
982 3386 1080 3437 eoaata

389 3461 448 3522 Sed
469 3460 503 3523 iu
522 3469 551 3523 te
572 3458 745 3523 uoutidimus
766 3468 861 3520 mater
881 3458 990 3522 intaeta

388 3544 429 3608 Ut
448 3554 517 3627 ata
538 3562 612 3625 quaa
634 3543 762 3625 petimus
790 3544 849 3606 aiot
870 3544 903 3607 iu
922 3543 1007 3605 uobis
1028 3542 1124 3607 soom·

389 3680 435 3743 Et
454 3680 599 3742 ileutas
618 3676 767 3740 doloribus
784 3689 878 3740 mente
901 3680 1081 3757 verecunde,

389 3766 503 3827 Lumau
524 3761 633 3825 uostris
653 3763 789 3826 eoroioos
816 3762 936 3824 iutonde
962 3765 1084 3825 secunda

388 3849 532 3912 Vitiorum
553 3848 689 3926 semibus
709 3846 836 3927 benigue
858 3850 985 3911 emunda

385 3934 476 4013 iunge
497 3952 552 3995 uos
578 3931 753 3995 coelestibus
773 3932 872 3994 Maria
901 3933 1034 3999 iuranda.

387 4067 425 4130 ta
448 4069 517 4131 hae
537 4066 641 4130 volte
664 4065 800 4129 miseriae
822 4067 945 4129 multum
968 4068 1121 4129 toootroso

385 4151 547 4215 Hominum
567 4160 636 4215 aaut
656 4158 767 4234 'genera
784 4148 908 4213 muitum
931 4146 1054 4227 foetosa,⁴

389 4237 463 4298 Nam
484 4256 585 4300 eorum
606 4256 698 4318 opera
716 4246 784 4298 saut
804 4235 976 4316 eouugiosa

387 4323 510 4401 Propter
531 4322 609 4386 iaetu
627 4322 741 4386 mulera
759 4331 788 4385 et
808 4320 1009 4402 opprobriosa.
