2809 4850
695 376 769 503 111

198 614 281 694 Quae
302 617 332 673 tc
351 604 421 672 uicit
442 608 595 674 clementia
689 611 712 672 d
763 607 829 687 Qun
850 605 943 669 rictus
964 625 997 670 es
1018 604 1188 686 clementia,

196 701 237 767 Ut
258 696 352 761 ferres
373 704 472 760 nostra
493 693 631 774 crimina,
803 691 844 753 Ut
856 699 971 753 nostras
985 692 1078 754 ierres
1091 694 1233 773 crimina,
1323 751 1326 756 .

198 782 354 848 Crudelem
374 789 497 843 mortem
518 779 633 859 patiens
761 777 889 840 Mortem
909 776 1023 840 subires
1045 777 1184 840 innocens

197 870 239 934 Ut
257 884 312 930 uos
332 882 352 928 a
372 872 467 930 morte
489 863 616 928 tolleres.
797 862 830 925 d
850 872 943 923 moue
964 881 1019 925 uos
1039 872 1071 924 ut
1088 863 1220 927 tolleres.

75 1084 78 1089 >
196 1034 307 1101 Inferni
329 1035 457 1097 claustra
477 1040 649 1114 penetrans,
761 1028 931 1110 Perrumpis
951 1028 1096 1093 infernum
1117 1032 1209 1094 clusos

197 1124 281 1185 'l'uos
301 1119 432 1200 captiuos
451 1116 612 1197 redimens,
669 1116 712 1183 ln
804 1114 917 1178 Vinctis
939 1124 1057 1178 catenas
1078 1117 1225 1179 detrahis=

197 1206 298 1274 Victor
320 1203 464 1284 triumpho
485 1202 575 1262 uolrili
760 1197 860 1265 Victor
880 1197 1026 1280 triumpho
1048 1200 1139 1262 uolrili

197 1292 244 1356 nd
264 1292 398 1353 dextram
417 1285 510 1369 patris
527 1285 667 1355 residens.
802 1285 1010 1348 Addexteram
1029 1285 1123 1367 patris
1135 1287 1231 1353 sedes.

198 1462 269 1543 Ipsa
289 1466 317 1520 te
338 1464 425 1536 cogat
446 1454 556 1536 pietas,
760 1451 807 1515 're
829 1459 915 1531 cogat
935 1451 1115 1534 indulgentia

198 1546 239 1609 Ut
260 1543 343 1606 malo
360 1549 461 1603 nostra
482 1558 603 1619 surperes
802 1536 844 1597 Ut
864 1537 970 1599 damna
990 1538 1231 1622 nostrasnrcias,

197 1629 347 1695 Parcendo
369 1635 397 1687 et
419 1625 478 1686 uoti
500 1635 647 1707 compotes
668 1623 711 1689 15
760 1620 877 1700 'fuique
898 1622 997 1686 vultus
1018 1633 1166 1706 compotes

198 1715 262 1779 Nos
283 1724 332 1776 tuo
352 1710 436 1777 uultu
457 1709 557 1775 saties.
743 1786 747 1799 .
804 1705 888 1769 Dites
906 1707 989 1771 heuto
1011 1704 1131 1774 lumino]

199 1884 249 1947 'I'u
270 1891 332 1950 esto
352 1891 484 1944 nostrum
506 1874 661 1960 gaudium,
761 1876 810 1940 'ru
833 1877 894 1939 dux
915 1878 951 1938 ad
965 1885 1046 1940 astra
1066 1889 1095 1940 et
1111 1879 1230 1961 semita,

200 1966 260 2046 Qui
281 1988 314 2030 es
335 1967 449 2029 iuturus
469 1960 647 2047 praemium,
802 1960 853 2023 Sis
874 1970 951 2023 ructa
963 1963 1071 2025 nostris
1085 1965 1231 2046 cordibus,

199 2051 246 2114 Sit
266 2060 367 2115 nostra
387 2051 419 2113 iu
440 2060 467 2110 te
487 2047 584 2129 gloria
760 2044 811 2108 Sis
830 2046 1018 2109 lacrimarum
1041 2048 1183 2127 gaudium

198 2138 257 2202 Per
278 2144 380 2200 cuncta
391 2152 507 2218 semper
520 2132 647 2197 saecuta.
667 2130 712 2195 2⁰
803 2129 852 2194 Sis
873 2131 957 2194 dulce
969 2132 1045 2196 ritae
1059 2132 1231 2217 proemium.

283 2303 318 2364 lu
346 2300 482 2383 plurimis
510 2298 657 2380 ecclesiis,
692 2297 888 2362 suavissimus
915 2299 1042 2381 hymnus
1076 2300 1277 2364 1111101111-

199 2385 356 2468 pletorinm
383 2386 414 2448 in
446 2386 625 2449 Ascensioue
664 2383 785 2446 Domini
820 2384 890 2460 (nr.
925 2386 963 2447 ad
998 2384 1175 2468 vesperas).
1231 2388 1276 2451 Ut

199 2489 279 2533 nuno
320 2477 382 2548 est,
430 2489 539 2550 mavena
579 2490 646 2531 cnm
688 2468 883 2532 sollemnitate
924 2470 1141 2552 111171111111
1184 2484 1275 2552 atquo

198 2554 349 2617 Laudibus
389 2552 545 2616 intonatur.
607 2553 731 2617 Garant.
760 2553 851 2618 Thes.
885 2554 918 2619 S.
953 2555 993 2618 R.
1026 2554 1077 2618 Ill.
1118 2578 1148 2637 p.
1190 2558 1276 2620 4712

199 2644 233 2691 Ira
259 2642 353 2691 eisdem
377 2640 494 2708 Vesperia
520 2637 727 2704 (Accenoiorrr's)
754 2642 791 2690 ad
811 2643 965 2710 principium
989 2642 1092 2710 hymni:
1117 2644 1275 2707 „salutis

199 2710 368 2761 humanae
389 2705 511 2758 cator“
536 2710 610 2758 debet
632 2709 762 2758 celebrans
784 2728 829 2758 eeu
847 2708 1115 2781 officiatort'ungere‚
1136 2715 1277 2763 extendere

200 2790 225 2829 et
243 2776 343 2826 elevare
359 2793 467 2840 manua,
486 2795 519 2826 ue
535 2789 613 2845 rapiet
631 2776 757 2828 inclinare
774 2794 859 2827 versun
881 2779 969 2830 altare
990 2789 1014 2827 et
1031 2790 1061 2827 nt
1084 2796 1118 2828 ex
1137 2781 1277 2830 Caerirao-

200 2845 268 2897 ur‘ali
285 2844 373 2912 Epioe.
391 2843 437 2895 lib.
456 2846 473 2894 2
492 2857 574 2896 mouet
588 2844 710 2912 Banldry
724 2863 776 2912 par
792 2848 860 2896 ratio
878 2859 915 2897 ert
932 2849 964 2896 de
981 2847 1072 2900 hrmuo
1090 2849 1118 2896 ἔτι
1134 2850 1276 2898 Laudibus

200 2921 317 2974 dicendo.
334 2945 378 2957 -·
404 2912 435 2974 3.
456 2911 544 2973 Fabr.
573 2921 737 2973 curator.
786 2911 817 2976 4.
840 2912 899 2976 nn.
926 2911 964 2973 in
990 2903 1067 2974 sine
1088 2914 1275 2993 homoque

199 3004 419 3075 temporum.
465 2998 497 3059 6.
527 2995 610 3077 Lips.
637 2997 774 3060 ferens.
823 2994 875 3061 10.
894 2996 983 3075 Febr,
1009 2995 1175 3061 redimis.
1220 2999 1276 3064 12.

200 3080 259 3142 Ell.
291 3080 334 3139 ad
362 3081 559 3142 dexteram
586 3079 856 3161 patrissedes.
903 3079 992 3144 Corn.
1018 3080 1175 3145 resides.
1218 3083 1275 3148 16.

199 3164 249 3228 PG·
268 3163 351 3241 XVI,
375 3165 439 3226 15.:
463 3193 511 3240 ego
527 3161 644 3225 satiabor
667 3194 725 3224 cnm
748 3173 896 3243 apparuerit
912 3174 1002 3240 glorio
1018 3186 1075 3225 tua.
1118 3165 1271 3231 17-20.

201 3268 259 3311 om.
280 3248 330 3310 ΗΙ.
351 3247 429 3311 Msn.
454 3250 503 3313 17.
524 3248 583 3311 Ell.
604 3248 658 3310 sis
678 3266 827 3328 quaese.
869 3248 920 3311 18.
949 3247 1069 3312 Cliolrt.=
1095 3251 1134 3315 al.
1162 3251 1276 3312 inin-

198 3354 288 3398 rnm.
330 3331 543 3414 Elt.ooqoi.
588 3334 638 3397 19.
659 3333 748 3397 Corn.
769 3332 959 3396 nostruin
979 3342 1013 3397 tc
1034 3333 1096 3398 sit.
1136 3334 1275 3403 20.Ell.

199 3417 238 3481 iu
258 3426 392 3483 cuncta
411 3437 561 3501 semper
579 3419 747 3483 saccula.

586 3604 883 3622 -ε--ι-ῌ

680 3731 787 3804 LVII.

471 3855 619 3947 Bymons
638 3860 680 3925 de
700 3861 757 3923 die
776 3860 997 3923 Pentecosten

377 3975 453 4029 Lilrr.
472 3991 527 4033 vet.
925 3978 1006 4030 Brcr.
1024 3977 1103 4029 Rom.

198 4056 261 4122 Iam
275 4053 409 4122 Christus
431 4071 511 4124 astru
524 4064 709 4144 ascenderat,
758 4065 821 4128 larn
837 4061 973 4125 Christus
993 4069 1073 4123 astru
1093 4059 1280 4145 ascenderet,

197 4143 365 4223 Regressus
387 4147 462 4207 uude
482 4159 618 4228 uenerat,
759 4151 910 4212 Reversus
931 4148 1007 4210 uude.
1029 4157 1149 4209 uenerat

195 4226 378 4292 Promissum
397 4231 489 4316 putris
509 4252 629 4297 munero
696 4233 701 4236 ’
759 4233 857 4297 Patris
878 4234 1033 4295 fruendum
1055 4251 1176 4293 munere

197 4311 338 4379 Sanctum
360 4316 479 4384 daturus
500 4316 645 4402 spiritum.
760 4319 900 4384 Sanctum
920 4321 1040 4381 daturus
1059 4318 1262 4465 spiritum.Sl

1229 4421 1246 4462 0
1261 4437 1281 4453 .
