2809 4850
258 384 365 437 xm

110 578 115 587 “
157 524 163 547 ’
259 565 386 623 neurus
417 574 572 645 prospere
598 551 732 629 cedere,
755 553 958 621 Hermannus
983 552 1174 646 Dryander,
1197 558 1243 628 vir
1268 557 1320 652 hy·

172 656 175 661 ’
258 678 403 722 mnorum
432 658 598 724 latinorum
631 678 694 722 non
729 657 832 722 minus
861 679 954 746 quam
988 660 1243 746 germanicorum
1267 687 1317 754 pe·
1380 724 1381 727 ,

259 759 355 834 ritus,
394 760 434 826 F.
455 762 490 826 Α.
519 757 738 834 Eclrsteinius‚
772 757 898 847 collega
930 759 1171 830 litteratissimus
1200 772 1253 854 qui
1281 788 1316 833 ea
1380 764 1381 815 l

257 881 321 948 qua
342 860 424 929 solet
444 859 637 931 humanitate
659 859 743 926 haud
764 859 967 928 mediocriter
997 884 1050 927 ure
1077 862 1205 933 adiuvit.
1253 867 1315 934 Dc·

256 962 352 1050 nique
372 987 435 1030 non
455 984 583 1053 possum
603 961 676 1049 quin
703 962 825 1051 gratias
844 985 939 1052 agam
967 961 1091 1033 duobus
1120 966 1192 1033 viris
1218 970 1270 1056 qui
1297 993 1314 1037 a

254 1064 362 1153 primis
390 1065 496 1154 operis
513 1064 607 1130 initiis
628 1074 807 1155 pertulum
834 1088 938 1131 meum
968 1058 1118 1134 lahorem⁸
1133 1069 1262 1137 consilio
1284 1082 1314 1138 et
1380 1080 1381 1083 ’

254 1189 354 1255 opera
368 1152 442 1235 mihi
460 1166 643 1233 adsuerunt:
666 1170 750 1254 Aug.
768 1166 899 1256 Voigtio
915 1169 1052 1233 rrruneris
1066 1169 1243 1239 scholastici
1266 1196 1312 1239 so-

253 1269 369 1338 cietate
391 1269 464 1336 mihi
483 1268 676 1335 iunctissime
706 1279 739 1334 et
758 1268 836 1334 Chr.
863 1267 1016 1335 Diedrich
1042 1293 1135 1359 quern
1165 1285 1199 1340 et
1219 1276 1311 1341 curd-

253 1370 315 1436 ouli
337 1371 515 1439 scholastici
544 1371 679 1437 societas
712 1381 744 1435 et
766 1370 880 1436 veteris
901 1372 1057 1441 amicitiae
1076 1375 1231 1443 vinculum
1250 1398 1310 1442 me·

252 1494 324 1537 cum
337 1476 445 1541 intima
468 1473 637 1540 coniunxit.
688 1472 814 1539 Horum
834 1472 970 1539 virorum
992 1497 1090 1564 opera
1110 1489 1206 1567 atque
1225 1477 1309 1545 indu·

249 1576 326 1641 atria
347 1578 379 1648 in
396 1576 475 1643 vitiis
496 1571 704 1665 exstirpandis
742 1582 775 1639 et
802 1572 1009 1641 emendandis
1030 1577 1166 1646 maxime
1191 1580 1308 1647 adiutus

249 1698 337 1756 sum,
370 1699 559 1769 quamquam
589 1690 621 1744 et
645 1699 696 1743 mc
731 1684 765 1742 et
800 1676 871 1744 illos
909 1676 1131 1750 emendatores
1164 1682 1307 1751 nonnulla

247 1776 390 1869 fugerint
406 1779 531 1861 menda.

348 1932 445 2003 Ferit
473 1940 578 1999 autem
606 1930 763 1998 Dominus
779 1938 782 1951 ’
801 1930 956 2009 ecclesiae
983 1932 1175 2004 christianae
1198 1939 1239 2004 Ο.
1257 1937 1304 2018 lt,

246 2036 337 2106 cuius
372 2036 525 2102 honorem
559 2056 669 2101 omnes
698 2032 806 2123 hymni
845 2032 1024 2112 celebrant,
1061 2042 1155 2124 quem
1190 2042 1306 2107 cantica

245 2139 430 2227 praedicant
453 2150 485 2204 et
506 2136 691 2225 sequentiae
712 2158 783 2202 cum
806 2134 984 2225 antiphonis
1006 2135 1150 2206 laudibus
1166 2143 1304 2210 eenutim

52 2274 58 2285 ·
113 2259 122 2269 ’
245 2242 415 2320 extollunt,
463 2250 498 2307 ut
533 2240 586 2307 hic
628 2239 723 2304 etiarn
761 2236 936 2303 studiorum
973 2249 1153 2308 nostrorum
1191 2243 1304 2312 fructus

172 2340 177 2345 ’
244 2342 442 2409 adsalutem
465 2341 623 2407 ecelesiae
641 2340 832 2406 christianae
861 2340 973 2406 valeat.
1036 2342 1213 2413 Offerimus
1230 2369 1304 2437 opus

241 2457 383 2512 nostrum
398 2455 546 2532 tanquam
561 2442 678 2508 donum
691 2442 836 2509 omnibus
851 2443 1030 2531 quicunque
1049 2467 1164 2515 nomen
1189 2448 1305 2517 Christi

242 2546 497 2623 conclaudunt,
523 2543 686 2610 offerimus
715 2543 911 2610 sanctissimo
931 2545 1123 2635 redemptori
1152 2572 1215 2639 pro
1240 2552 1303 2619 uai-

240 2661 308 2717 tate
329 2660 424 2737 atque
450 2646 576 2713 amabili
602 2645 759 2712 ecclesiae
786 2644 958 2712 concordia
983 2650 1173 2740 sacrificium
1204 2675 1302 2743 neque

240 2751 326 2819 aliud
353 2748 492 2840 quidex
519 2749 629 2815 intimo
659 2748 764 2814 animo
781 2769 971 2837 precamur,
1009 2750 1066 2817 nisi
1092 2763 1127 2819 ut
1145 2752 1206 2844 ipsi
1226 2778 1300 2845 quo·

238 2877 302 2943 que
323 2854 494 2920 sentiamus
508 2848 586 2917 illud
601 2850 686 2939 quod
717 2848 759 2935 de
785 2848 982 2916 sanctissimo
1008 2853 1193 2942 patriarcha
1226 2859 1300 2928 scri·

237 2968 326 3048 ptum
350 2955 504 3043 legimus:
528 2953 692 3042 Respondi
708 2952 870 3020 Dominus
887 2952 936 3020 ud
952 2976 1087 3023 munero
1108 2959 1189 3027 eius.

336 3108 522 3176 Scribebam
536 3104 629 3171 Halia
647 3105 679 3170 in
694 3073 909 3195 paedagogio
929 3105 1039 3198 Regio

429 3210 481 3277 die
494 3207 586 3276 XXI.
598 3207 672 3274 Maii
689 3206 939 3275 Mucccxht
988 3305 990 3308 ι

691 3977 861 4051 Herm·
881 3975 1055 4051 muare.
1076 3976 1254 4051 nantel

854 4137 858 4148 1
916 4090 962 4130 ru.
984 4090 1032 4130 un.
