2809 4850
768 413 836 490 218

738 545 864 666 anun

636 741 692 808 De
716 763 784 806 una
817 739 971 823 Virgietc.

332 878 361 945 l.
405 874 545 939 Exuitent
563 873 640 940 filiae
661 877 734 942 Sion
756 879 785 941 in
808 899 876 958 rege
898 899 952 941 sno

329 978 360 1040 2.
403 977 571 1040 Nescientes
595 992 689 1042 torum
711 979 808 1042 delicti
831 981 951 1042 crimine
973 979 1168 1044 sordidatum:

328 1080 360 1144 3.
401 1063 546 1157 Quaruda,
568 1079 701 1163 Christe,
723 1103 849 1163 sponsus
863 1082 1026 1163 uirginum,
1047 1081 1172 1163 virginis
1194 1104 1227 1144 es
1241 1081 1330 1146 titius:

236 1191 243 1214 ⁸
324 1182 359 1246 4.
402 1179 494 1243 Cuius
514 1181 610 1262 patin
630 1184 707 1246 mira
728 1204 817 1265 opera
839 1185 869 1246 iu
890 1184 999 1246 sannis
1021 1184 1169 1248 tuissent
1189 1188 1283 1263 edita,
1382 1243 1383 1260 ,

265 1287 359 1432 Md.
404 1284 442 1346 Ut
469 1285 521 1347 das
549 1303 668 1347 cernere
695 1287 752 1348 luae
783 1288 814 1349 in
834 1284 949 1367 virgine
971 1286 1053 1349 euius
1074 1289 1147 1349 laneo
1168 1289 1246 1352 testo
1267 1295 1329 1350 s'rut

181 1377 185 1396 ¹
325 1389 368 1431 re:
1382 1417 1383 1448 ,

328 1474 359 1535 d.
386 1450 485 1548 'Quae
505 1470 604 1551 fragili
626 1490 703 1534 sexu
729 1470 855 1534 femineo
877 1471 1001 1533 viriiiter
1022 1472 1119 1534 earnis
1142 1457 1327 1535 inredornito

327 1571 359 1634 7.
402 1572 573 1653 Angeiieatn
592 1571 649 1652 ¹hio
674 1571 765 1635 vitam
792 1575 916 1636 duxerat
943 1574 973 1636 in
994 1594 1099 1655 muno,
1126 1576 1196 1638 dnm
1217 1585 1328 1658 praeter

258 1655 382 1719 'munem
404 1654 528 1723 vixerat.
1382 1723 1383 1776 q

327 1759 358 1822 8.
399 1759 463 1822 Hoc
489 1758 612 1823 miratur
630 1778 752 1841 serpern
772 1759 924 1841 antiquus,
951 1761 1120 1824 calcaneum
1148 1759 1212 1823 eins
1233 1762 1328 1822 nisen-
1382 1781 1383 1812 t

182 1907 188 1910 ,
266 1844 354 1906 vniat
376 1843 513 1907 rniiidusi

324 1948 356 2010 9.
399 1945 482 2022 Quod
509 1964 613 2007 nocere
640 1946 709 2008 duna
736 1946 936 2027 machinatur,
969 1949 1024 2010 sub
1058 1949 1179 2028 pedihus
1205 1946 1325 2008 senine

264 2043 351 2113 capnt
372 2030 436 2093 eins
457 2030 568 2098 teritur.

308 2135 359 2196 10.
402 2132 525 2231 insidias
546 2130 639 2194 hostis
660 2132 751 2211 liano,
773 2130 906 2213 Christe,
936 2133 1056 2196 docuisti
1079 2133 1196 2195 vincere
1218 2133 1248 2194 in
1267 2133 1324 2228 pri-

263 2238 313 2282 naa
333 2236 555 2298 congressione,

309 2322 359 2386 ll.
402 2319 479 2381 Dnrn
507 2338 565 2379 nou
594 2317 784 2397 consentiret,
811 2321 860 2380 sed
883 2319 928 2382 iili
954 2318 1119 2398 resisteret,
1143 2319 1257 2386 vincere
1276 2287 1321 2399 qui
1382 2307 1383 2330 i

265 2405 340 2470 solet
361 2415 485 2468 tenutas
506 2404 531 2465 si
554 2422 611 2465 uon
633 2413 776 2485 repugnet

59 2558 67 2569 ,
306 2506 358 2571 12.
401 2507 495 2587 Quem
516 2507 589 2569 haec
608 2506 692 2585 uirgo
714 2506 855 2569 resistens
874 2525 893 2568 a
912 2526 946 2570 se
966 2508 1035 2570 iacit
1055 2509 1176 2588 ingere,
1203 2528 1258 2588 quo
1277 2507 1321 2567 fu·

100 2586 111 2599 '
206 2648 237 2679 x.
263 2602 332 2674 gato
353 2588 602 2672 appropinquabat
623 2590 690 2666 titii,
712 2591 838 2655 domine.
1307 2583 1313 2596 “

309 2688 373 2767 13.,
403 2692 479 2755 Nam
511 2691 586 2753 inter
605 2690 736 2770 virgines
764 2690 884 2755 adducta
905 2702 971 2773 post
992 2714 1055 2756 eam
1079 2714 1152 2775 qnae
1172 2702 1264 2756 nater
1282 2701 1320 2753 est

263 2777 387 2856 intacta,
410 2777 557 2856 virginum
579 2775 702 2856 uirginis
720 2777 835 2839 Mariae
854 2777 944 2859 digna
965 2788 1009 2853 est
1031 2780 1227 2869 pedissequae

278 2870 282 2877 ⁵
309 2879 360 2945 14.
400 2877 446 2939 'l'e
473 2897 583 2958 agunta
611 2878 673 2939 sine
701 2860 819 2941 macula
851 2878 912 2943 iarn
939 2881 1071 2961 seqnitur
1097 2882 1172 2944 stein
1199 2878 1318 2954 eandida,

173 2970 176 2977 “
264 2962 357 3026 filiurn
379 2961 520 3042 virginis,
544 2983 713 3042 quocunqne
735 2964 881 3045 uirginum
903 2964 958 3029 flos
980 2966 1054 3030 ierit.

307 3068 359 3131 ld.
399 3062 495 3127 Huius
516 3063 720 3126 intercessione
741 3085 796 3127 nos
818 3075 909 3131 tuere.
939 3054 944 3068 ⁸

716 3221 874 3234 -η

284 3364 289 3371 .
330 3325 378 3375 Eut
396 3321 533 3388 Sequentia
549 3321 577 3371 in
588 3316 780 3390 festivitatibus
797 3323 926 3392 virginum
943 3325 1125 3388 decantanda,
1152 3327 1225 3377 euius
1240 3336 1316 3374 mute-

160 3434 164 3440 .
261 3396 304 3449 ria
322 3393 424 3461 respicit
442 3391 589 3441 castitatem
613 3389 775 3459 vr'rginnlem.
810 3390 975 3460 &procedit
991 3406 1081 3443 auctor
1107 3395 1134 3444 in
1152 3412 1183 3444 ea
1201 3393 1252 3444 tadi
1267 3411 1316 3441 ero·

262 3468 296 3516 do
314 3481 347 3513 or
361 3462 384 3509 ri
401 3470 503 3510 tantum
521 3459 552 3508 de
569 3476 623 3508 una
645 3461 746 3529 uirgine
769 3458 925 3525 loqueretur,
943 3463 1071 3526 quamuis
1094 3465 1189 3530 poterit
1210 3462 1316 3531 pluribus

258 3530 400 3601 applicari.
434 3528 470 3576 Et
487 3526 612 3577 dividitur
628 3529 681 3577 ista
706 3527 843 3593 Sequentia
865 3530 893 3578 in
909 3541 960 3579 tres
975 3542 1072 3598 portae.
1114 3533 1248 3597 In'prr'ma
1263 3530 1316 3579 iror-

218 3612 224 3617 '
260 3613 335 3652 tatur
352 3594 491 3664 quamlibet
508 3596 624 3645 animam
631 3594 744 3664 fidelem
756 3597 793 3645 ud
806 3599 976 3664 gaudendum
992 3600 1024 3648 de
1035 3602 1183 3650 conflantia
1194 3595 1316 3669 virginali.

262 3668 423 3719 insecundo
441 3664 601 3715 commendat
618 3662 756 3730 quamlibet
770 3665 893 3733 uirginem
911 3668 1010 3716 ratione
1027 3669 1187 3717 resistentiae
1202 3668 1315 3719 amentio·

261 3754 322 3788 num
339 3731 493 3788 carnatium.
529 3735 559 3782 In
576 3734 653 3782 tertia
670 3733 790 3783 describit
808 3731 924 3797 gloriam
941 3733 966 3783 et
983 3738 1212 3787 remunerationem
1231 3734 1316 3785 eiusin

262 3808 341 3866 coeto.
389 3799 487 3862 Haeo
502 3797 661 3878 adulphus.
718 3797 923 3862 Verumtamen
959 3800 1057 3879 rides,
1090 3812 1158 3881 apte
1186 3803 1318 3882 quadrare
1368 3818 1383 3837 e

261 3904 380 3960 carmen
408 3887 437 3944 in
463 3883 617 3964 legendam
645 3881 678 3946 S.
692 3880 880 3963 ‘Margaritae
901 3884 937 3948 V.
968 3885 1030 3961 M.,
1053 3883 1142 3964 quarn
1169 3886 1317 3957 diabolum,

261 3971 315 4031 sub
328 3968 425 4048 specie
439 3968 552 4029 bellnae
565 3967 829 4029 monstrosissime
844 3968 873 4030 in
887 3987 1002 4030 earcere
1015 3980 1224 4049 apparentem,
1247 3968 1318 4049 petis

253 4050 444 4135 ¹impositione
484 4052 635 4114 domuisse·
666 4053 862 4132 domitamque
891 4055 1013 4134 fugasse
1048 4064 1169 4117 narrant
1209 4051 1318 4132 antiqui.

260 4135 359 4213 Unde,
387 4135 412 4197 si
441 4155 497 4197 non
526 4136 680 4219 singulari
698 4136 787 4199 lande
815 4136 892 4200 lianc
919 4139 1063 4218 virginem
1089 4150 1260 4221 prosecutus
1284 4136 1317 4197 ait

261 4232 381 4300 poetae,
407 4221 463 4282 hoa
487 4221 583 4300 ipsum
610 4219 673 4283 eius
701 4221 873 4300 martyriam
901 4224 928 4283 ei
954 4233 1021 4285 ante
1049 4223 1150 4286 ocutos
1178 4234 1316 4286 rersntnn

262 4304 348 4367 incide
361 4303 525 4368 credideris.
547 4337 588 4352 -
605 4305 656 4369 Pa.
677 4306 814 4387 CXLdX,
835 4307 866 4372 2.
883 4317 1008 4369 Exustam
1027 4317 1108 4390 filiae
1130 4322 1193 4373 &aa
1215 4324 1242 4372 in
1263 4336 1316 4388 rege
