2809 4850
699 311 764 387 ὅθ

670 496 807 565 XLVII.

473 714 480 719 -
543 635 691 721 Hpnmur
718 637 764 700 nd
789 635 933 701 Laudes.

378 773 454 829 Libe.
473 785 529 827 ret.
929 773 1007 826 Brev.
1021 775 1099 827 Rom.

197 854 313 925 Aurora
332 856 392 921 iam
413 857 527 937 spargit
545 855 660 942 polum,
758 857 874 920 Aurora
886 842 950 919 'iarn
971 858 1084 941 spargit
1105 860 1221 941 polum,

199 942 303 1005 Terris
324 943 385 1005 dies
407 941 554 1027 illabitur,
759 943 863 1004 Terris
886 943 947 1003 dies
971 942 1115 1022 illabitur,

197 1027 288 1089 Lucis
309 1028 431 1091 resultat
451 1026 613 1108 spiculum,
758 1026 848 1088 Lucis
870 1022 992 1088 resultat
1013 1029 1176 1108 spiculum,
1290 1064 1301 1117 ³,

197 1110 336 1175 niocetae
356 1131 441 1176 omne
462 1111 618 1175 lubricum.
758 1110 896 1174 Discedat
917 1131 1002 1172 omne
1023 1112 1176 1177 lubricum.

196 1279 375 1346 Phantasma
393 1281 487 1345 noctis
504 1279 631 1360 decitlat,
686 1281 710 1357 ὁ,
758 1279 936 1344 Phantasma
954 1280 1047 1344 noctis
1070 1282 1185 1363 exalet,

197 1364 307 1430 Mentis
328 1376 426 1430 reatus
445 1366 581 1443 subruat,
758 1364 867 1427 Mentis
890 1374 988 1428 reatus
1009 1377 1152 1446 comum„

196 1450 339 1530 Quicquid
362 1449 487 1514 tenebris
505 1449 655 1513 horridum
759 1449 903 1528 Quidquid
924 1451 1050 1512 tenebris
1072 1448 1223 1516 horridum

196 1533 266 1597 Nox
286 1534 381 1598 attulit
404 1536 521 1616 cnlpae,
543 1534 636 1597 cadat.
758 1533 828 1596 Nox
847 1532 942 1594 attulit
962 1535 1082 1616 eulpae,
1101 1539 1194 1600 cadat.

195 1700 236 1764 Ut
255 1719 341 1764 mane
363 1702 435 1765 illud
456 1701 590 1764 nltimnm
598 1745 612 1777 ,
757 1699 798 1762 Ut
810 1718 913 1780 mane,
933 1700 1007 1780 quod
1027 1702 1228 1767 nosnltimnnn

196 1785 282 1863 Quod
304 1787 515 1868 praestolamur
535 1784 708 1862 reruni,10
756 1784 814 1846 Hie
834 1787 1025 1864 deprecamur
1044 1790 1144 1849 cernui

195 1867 231 1930 In
251 1869 345 1933 lncetn
366 1873 451 1934 nobis
472 1871 571 1934 effluat
757 1869 834 1930 Cum
853 1870 918 1930 luce
937 1869 1022 1932 nobis
1043 1872 1142 1934 effluat
1181 1901 1184 1907 ·

195 1950 275 2018 Dum
293 1957 350 2018 hoc
369 1975 475 2020 canore
492 1961 656 2039 concrepat.
756 1953 821 2016 Hoc
841 1953 911 2017 dum
931 1972 1037 2018 canoro
1058 1965 1222 2040 concrepat.

516 2122 580 2186 Deo
609 2124 687 2207 patri
708 2123 747 2189 sit
767 2122 865 2205 gloria
884 2131 940 2189 etc.

636 2276 814 2289 ...ιιι-

280 2357 335 2418 Est
354 2358 488 2421 Landnm
510 2359 542 2421 in
563 2359 701 2426 Sabbato.
724 2394 765 2412 ·-
781 2359 813 2426 3.
832 2359 896 2426 Hil.
917 2358 1041 2447 wiupt.
1062 2363 1270 2448 speculum.

196 2437 248 2506 10.
269 2439 332 2506 nit.
354 2445 648 2523 praestolamus.

661 2755 817 2825 XLVIII.

538 2895 686 2980 Hpmnuo
706 2903 752 2969 od
770 2904 928 2968 Primam.

191 3023 255 3087 lam
276 3024 351 3088 lueis
373 3035 435 3089 orto
453 3026 548 3091 sidere
754 3035 820 3097 Sint
842 3056 918 3117 pura
937 3038 1031 3101 cordis
1052 3038 1155 3107 intima

190 3107 287 3171 Deum
308 3131 460 3190 precemur
480 3113 647 3195 supplices,
753 3121 884 3184 Absistat
906 3126 1107 3205 mecoenatia,
1228 3133 1269 3201 lo

190 3191 231 3253 Ut
251 3194 283 3254 in
304 3195 414 3258 diurnis
435 3196 547 3259 actibus
693 3253 697 3258 .
754 3203 859 3266 Carnis
881 3214 954 3269 terat
976 3211 1142 3288 superbiam

190 3276 253 3342 Nos
276 3290 372 3345 servet
393 3299 412 3343 a
432 3284 611 3349 nocentibus.
752 3287 844 3354 Potes
865 3290 977 3371 cibique
997 3293 1134 3373 parcitas.

189 3446 337 3530 Linguam
354 3451 506 3513 refrenans
520 3459 662 3534 temperet
681 3455 702 3519 δ
752 3456 792 3518 Ut
813 3477 879 3521 cnm
900 3459 963 3523 dies
984 3461 1159 3526 abscesserit

189 3531 234 3594 Nc
256 3535 317 3596 titis
334 3536 440 3597 horror
460 3536 592 3615 insonet,
753 3541 930 3624 Noctemque
951 3564 1017 3607 sors
1038 3548 1202 3632 mdnxern,

189 3616 292 3680 Visum
312 3620 435 3681 fovendo
453 3631 589 3701 contegat
751 3624 854 3687 Minucii
876 3647 928 3708 per
948 3629 1152 3695 abstinentiam
1226 3639 1268 3703 15

189 3697 233 3760 Ne
254 3701 396 3768 vanitates
416 3706 542 3769 hartmot.
751 3709 811 3790 ipsi
832 3730 972 3776 canamus
992 3713 1130 3794 gloriam.
1195 3768 1208 3792 ,
1255 3773 1263 3790 ,

507 3872 572 3936 Deo
593 3874 670 3958 patri
691 3875 732 3939 sit
752 3877 849 3958 gloria
870 3888 924 3945 ete.

632 4025 803 4044 m

271 4102 427 4191 arpctorcm
462 4099 600 4165 carminis
635 4106 781 4188 cogitasse
816 4113 851 4173 do
879 4112 927 4175 die
955 4113 1064 4178 ieiunio
1092 4135 1179 4180 nemo
1206 4077 1266 4184 non

187 4191 337 4262 persprcrt.
378 4182 438 4246 Set
465 4204 504 4248 ex
530 4186 651 4272 antiqno
676 4193 816 4260 ecelesiae
838 4216 895 4260 uren
920 4198 1046 4281 quotidie
1068 4202 1205 4266 recitatur
1226 4202 1266 4263 ad
