2809 4850
338 605 377 676 llt
397 605 485 666 lrorno
506 601 669 678 nascendo,
690 599 801 662 vitulus
821 607 945 662 mortem
965 569 1099 677 patiendo

339 689 392 751 Est
412 690 458 750 leo
479 688 645 767 surgendo,
667 686 795 748 volucris
817 704 930 765 quoque
952 702 1069 745 saumana
1089 683 1223 761 petendo.

224 808 261 876 .7.
283 808 338 872 ad.
354 806 442 869 Torr.
465 806 531 866 lux
553 815 610 865 cst
629 803 959 879 decretalisfl'orr.
981 799 1224 878 discretalis)
1244 822 1315 861 ro-

232 905 424 956 tascusus
445 890 632 951 literalis.
682 893 714 954 8.
741 890 791 952 Br.
810 907 919 951 raons
948 896 1007 948 est
1034 920 1079 969 ῥ-
1100 885 1314 953 ministret.

209 971 854 1062 *tuendorumfonto-quorum
877 973 1073 1034 trahat-
1100 990 1119 1032 a
1140 972 1312 1033 sentina.

233 1063 308 1127 Lud.
330 1062 361 1122 in
383 1079 476 1139 marg.
500 1062 557 1121 sic
579 1060 772 1140 perducat.
792 1059 945 1141 adelphus
963 1057 1144 1137 quorundam
1167 1056 1313 1119 lilrrorara

234 1144 757 1230 scripturamallertrdelrilratis.
808 1167 817 1194 u
1058 1166 1060 1172 ·

733 1458 806 1525 CX.

610 1601 666 1668 Dc
687 1601 724 1666 S.
745 1600 925 1668 Mirtum.

236 1720 264 1782 l.
277 1721 358 1782 Laus
379 1723 514 1801 ernnipat
534 1741 570 1783 ex
591 1721 714 1800 allecta,
793 1726 824 1785 5.
839 1716 1004 1801 Suggestor
1025 1717 1162 1796 sceleris,
1192 1715 1197 1730 '

207 1844 211 1852 ,
276 1805 389 1867 Psallat
411 1805 517 1867 chorus
541 1806 571 1867 iu
592 1817 749 1888 conspecta
835 1806 943 1867 Pulsus
963 1823 982 1866 a
1003 1803 1135 1883 superis,
1239 1849 1243 1858 ,

274 1889 475 1970 Sapernorura
497 1891 623 1952 civium:
787 1915 790 1922 ·
834 1890 893 1952 Per
912 1888 1000 1952 huius
1018 1888 1097 1949 airis

275 1975 519 2052 Lauriacum,
547 1975 747 2052 laoadecora¹
835 1976 960 2036 Oluerrut
982 1974 1096 2053 spuatur
1150 1975 1156 1988 '

277 2059 400 2135 Quando
420 2059 498 2122 laudi
522 2079 685 2122 concanora
835 2059 921 2122 Dolis
943 2058 1093 2139 invigilat,

173 2173 185 2190 ··
276 2143 393 2206 Puritas
414 2158 458 2208 est
479 2147 619 2207 cordium.
839 2146 926 2207 Virus
948 2144 1093 2207 insibilat:

834 2229 892 2291 Sed
912 2232 990 2293 huuc
1011 2228 1152 2289 adnihilat

835 2314 981 2377 Praesens
1000 2315 1139 2378 custodia.

234 2449 263 2516 2.
278 2448 456 2512 Michaelarn
477 2450 571 2511 ouucli
595 2450 729 2526 laudent,
792 2449 824 2513 6.
839 2450 917 2513 'l'res
935 2450 1085 2513 distinctae
1106 2449 1293 2511 hierarchiae

158 2588 162 2595 ,
276 2534 339 2595 Nec
355 2534 394 2596 ou
414 2532 503 2596 huius
524 2554 557 2596 se
572 2536 750 2596 defraudent
772 2536 773 2539 ’
838 2534 903 2615 lugi
925 2546 1029 2596 vacant
1050 2533 1178 2596 theoriae

274 2617 342 2681 Diei
364 2617 484 2681 laetitia.
835 2620 957 2701 legique
978 2619 1127 2699 psalterio.

277 2702 365 2765 Felix
385 2704 465 2782 (lies,
487 2713 731 2784 quesanctorum
836 2705 897 2766 Nec
918 2704 1031 2766 obsistit
1052 2702 1165 2767 theoria
1276 2742 1288 2760 ,

276 2787 456 2869 Recensetar
477 2788 650 2869 augelorum
835 2788 905 2851 Sira
928 2788 1007 2869 iugis
1027 2789 1182 2851 harmonia

276 2871 434 2934 Sollemais
456 2873 587 2936 uictoria.
632 2880 638 2885 '
837 2873 901 2955 lugi
925 2874 1095 2940 ministerio.

235 3008 264 3072 3.
280 2998 377 3066 Draco
396 3016 481 3069 retus
502 3009 687 3087 exturbatur,
792 3010 864 3076 7.0
884 3027 970 3090 quarn
992 3008 1085 3071 mirae
1106 3008 1257 3071 cantatis

277 3091 316 3152 Et
337 3091 471 3153 draconis
489 3092 636 3171 effugatur
834 3096 889 3157 Est
910 3113 1054 3174 supernae
1076 3093 1202 3158 civitatis

277 3173 398 3237 luimiea
419 3176 509 3257 legio.
834 3181 898 3241 Ter
920 3181 1001 3251 trina,
1017 3179 1177 3242 distinctio:

167 3254 174 3269 ‘
278 3261 458 3323 Euturlrotna
480 3272 524 3323 est
545 3263 676 3322 turlator
833 3266 917 3343 Quae
938 3285 993 3325 uos
1013 3266 1098 3325 amat
1114 3274 1143 3324 et
1165 3273 1280 3344 tactor,

275 3347 314 3408 Et
336 3345 480 3425 proiectus
501 3358 653 3409 accusator
833 3349 874 3411 Ut
892 3370 930 3411 ex
952 3350 1038 3411 uobis
1059 3354 1240 3412 restauretur

276 3438 302 3492 A
321 3431 395 3493 coeli
418 3431 547 3514 lastigie.
834 3434 907 3497 Eius
929 3432 1104 3511 diminutio.'

234 3566 342 3635 4.Salr
365 3566 454 3629 tutela
475 3567 632 3629 Michaelis
791 3571 822 3637 8.
835 3569 919 3631 Sicut
937 3581 1005 3632 snut
1025 3570 1179 3639 hominum
1229 3620 1243 3643 .

275 3652 342 3715 Pax
363 3652 500 3724 interra,
521 3654 627 3731 pauiu
649 3652 750 3730 coelis,
834 3655 976 3717 Diversae
998 3655 1131 3735 gratiae,
1184 3662 1187 3675 '

274 3736 356 3797 Laus
376 3747 404 3797 ct
424 3730 567 3799 iubilatinl
665 3772 669 3779 ·
832 3740 885 3801 Sic
905 3752 989 3802 crunt
1009 3739 1143 3802 ordinum

275 3822 374 3895 Qum
395 3821 549 3902 sitnotous
570 3821 618 3883 hio
634 3821 748 3896 virtute,
815 3824 993 3887 >Distiaatae
1014 3825 1127 3905 gloriae

275 3904 333 3966 Pro
355 3907 500 3969 communi
522 3916 603 3967 stans
625 3907 720 3968 saluto
834 3908 922 3972 lustis
942 3909 973 3971 iu
989 3911 1134 3990 praemio.

276 3989 453 4074 'l'rianrplrat
475 3991 505 4054 in
528 3991 648 4074 proelio.
833 3994 913 4056 Solis
936 4005 980 4056 est
1001 3993 1061 4056 alia

831 4079 930 4155 Quum
952 4079 1039 4139 lunae
1060 4075 1203 4159 dignitas,

833 4162 992 4225 Stellarum
1015 4161 1097 4225 raria

832 4248 957 4310 Relucet
976 4247 1110 4310 claritas:

833 4332 885 4404 Sic
906 4332 1096 4406 resurrectio.
1135 4410 1137 4421 .
