2809 4850
97 641 151 705 ll.
164 633 257 702 Salva
277 648 371 702 raater
392 637 509 722 pietatis
660 639 755 707 120
777 637 875 704 nanta
897 644 985 707 steila
1004 646 1097 711 maris

143 726 203 786 'Et
224 725 313 787 totius
334 724 491 787 Trinitatis
722 725 872 807 Dignitate
888 729 1057 810 'siagniaris

162 810 269 872 Notttc
290 809 465 872 tricliniume
722 810 820 893 Super
843 832 945 877 omues
966 816 1111 880 ordinaris

162 894 250 977 Verbi
273 904 369 957 tamen
390 895 532 957 incarnati
723 896 848 962 Ordines
870 899 1050 963 coelestiam.

161 977 297 1060 Speeiaie
317 980 462 1042 maiestati
572 1009 578 1024 ·
719 980 753 1042 ln
773 1003 910 1062 supremo
932 985 990 1046 sita
1012 986 1071 1065 poli

163 1064 349 1146 Praeparaas
370 1065 539 1145 hospitium.
718 1066 781 1127 Nos
802 1068 925 1147 assigna
947 1079 1012 1131 tuae
1036 1072 1112 1150 proli

720 1149 765 1210 Na
787 1159 914 1213 terranea
937 1153 999 1214 sire
1021 1154 1081 1216 dcii

719 1233 782 1297 Nos
803 1236 990 1318 supplantent
1010 1240 1152 1304 hostiam.

357 1368 407 1434 13.
424 1369 471 1454 [in
492 1370 641 1451 procinctu
663 1367 812 1431 constituti

419 1456 465 1517 Te
488 1467 584 1518 tacata
606 1456 699 1518 simas
725 1452 794 1529 toti,
907 1509 910 1520 ‚

418 1540 584 1605 l'ervieaeis
603 1550 631 1603 et
650 1538 759 1604 uersati

418 1626 503 1688 Tuae
524 1628 607 1688 cedat
627 1623 672 1687 vis
695 1622 808 1699 uirtuti,

418 1709 513 1772 Boias
533 1710 746 1790 providentiam

419 1794 483 1855 lesa
506 1797 624 1857 verbam
647 1792 755 1856 summi
775 1793 869 1874 patris
900 1847 902 1858 .

415 1879 510 1940 Serva
531 1898 634 1943 seruos
654 1890 721 1940 taae
742 1878 861 1958 matris,

414 1963 507 2027 Saiaa
527 1985 610 2042 reos,
632 1963 717 2027 saiva
736 1962 829 2042 gratis

412 2049 452 2111 Et
472 2069 527 2112 nos
548 2060 615 2112 taae
636 2047 779 2110 claritatis

416 2133 575 2217 Contigara
596 2132 734 2217 gloriae}
769 2129 774 2138 ’

181 2381 260 2445 Rara
283 2383 427 2447 invenitor
450 2387 478 2448 in
499 2385 673 2452 Missilibus
687 2385 863 2453 Germaniae
877 2389 915 2459 (a.
940 2405 965 2451 c.
980 2383 1167 2466 Pataaieosi).

92 2465 208 2531 cantos
228 2469 279 2531 irie
298 2469 346 2550 qari
369 2491 407 2532 ex
428 2473 516 2535 animi
537 2474 652 2556 penitas
672 2473 809 2536 commoti
840 2472 1066 2555 inflammatione
1088 2488 1169 2535 ema·

91 2571 170 2613 nous
192 2552 218 2616 b.
241 2553 356 2617 Mariae
379 2555 504 2637 virginis
526 2559 696 2640 dignitatem
721 2558 845 2622 sommis
867 2559 1048 2621 concelebrat
1071 2556 1177 2618 dandi>

93 2640 167 2713 aas,
190 2658 248 2700 aaa
270 2659 328 2701 ana
350 2661 388 2702 ex
409 2654 491 2722 parte
504 2645 598 2705 solam
621 2646 841 2723 protestantium
866 2643 1009 2723 cogitandi
1025 2643 1168 2704 rationem

92 2722 229 2803 offendit,
242 2724 283 2786 itu
300 2737 330 2787 at
342 2745 400 2787 non
414 2729 520 2789 miram
534 2729 587 2806 sit,
601 2726 679 2788 inter
695 2729 770 2790 aiios
786 2729 1014 2804 Rambaehiam,
1036 2737 1167 2789 nostram

94 2816 245 2871 natantem
271 2830 389 2873 carnaea
421 2811 530 2874 hancce
558 2811 730 2874 sententiam
764 2813 934 2892 protulisses
967 2811 1035 2887 „Es
1063 2812 1191 2883 iaiidetex

90 2892 158 2954 sicia
179 2891 210 2955 ia
230 2894 328 2958 diesen
350 2897 474 2958 Liedern
497 2896 561 2958 eina
580 2897 636 2958 Art
657 2895 812 2975 religidser
834 2895 1006 2973 Romautik‚
1034 2894 1082 2955 die
1103 2896 1167 2958 sich

93 2978 141 3039 tis
169 3000 204 3040 aa
232 2981 287 3042 den
316 2982 546 3061 angelranerstca
575 2979 845 3057 spinarensem,
872 2983 905 3062 Ja
933 3003 968 3043 au
997 2981 1168 3042 nirkliclrea

93 3062 386 3144 Gotteeldstannngea
407 3067 555 3127 nerirrte“
575 3066 679 3147 (nath.
703 3067 724 3133 1.
747 3066 861 3144 8:14).
905 3066 989 3127 Certe
1011 3066 1062 3128 aiii
1079 3066 1167 3126 etiam

92 3167 133 3210 ex
154 3148 371 3226 protestantium
392 3170 515 3214 numero
535 3151 621 3213 aliter
641 3151 802 3214 iudicarent
830 3163 858 3213 et
883 3149 1006 3213 Nonalis
1033 3149 1061 3210 id
1090 3149 1167 3229 qaod

92 3232 239 3314 qnondam
278 3235 412 3296 versitnis
448 3237 567 3317 egregie
609 3237 729 3315 cecinit,
770 3257 808 3298 ex
851 3246 966 3317 pectore
1007 3244 1167 3315 repeteret:

89 3316 169 3398 „tet
198 3317 268 3383 seire
296 3320 362 3382 dica
390 3319 419 3381 ia
446 3322 567 3383 tnaasead
596 3320 733 3397 Eiidem,
762 3321 874 3397 Maria,
911 3318 1029 3381 ttotticn
1057 3336 1168 3399 ansge-

89 3400 229 3477 aracktf‘
271 3403 460 3484 Metaphoaas
474 3426 543 3467 nero
558 3423 631 3484 qaae
645 3407 700 3468 hoc
715 3415 800 3467 eaata
822 3412 976 3466 occurrant
990 3403 1050 3464 iera
1063 3421 1165 3464 omnes

89 3507 132 3548 ex
153 3484 272 3548 Cantica
294 3488 481 3551 Cantieornat
509 3491 676 3570 desumptas
703 3510 769 3551 csse
795 3508 917 3567 eamque
944 3488 981 3546 oio
1009 3507 1070 3549 rem
1100 3505 1166 3549 ma·

90 3588 183 3652 gnam
204 3592 269 3633 cam
293 3573 418 3635 Litaaiin
438 3573 612 3636 Lauretanis
634 3574 851 3637 similitudinem
873 3570 948 3633 citici
972 3571 1058 3633 saeida
1080 3570 1165 3649 quis·

89 3674 149 3735 que
170 3669 335 3736 cognoscet.
365 3658 415 3720 ¹ld
445 3680 533 3720 aaann
562 3659 686 3721 anobis
708 3679 765 3719 aaa
788 3658 943 3740 probatae,
976 3658 1051 3735 qnod
1072 3656 1165 3717 Beata

88 3740 185 3821 Virgo
212 3744 366 3805 mediatrix
390 3738 539 3807 hominnm
562 3745 712 3825 appellata
731 3744 786 3822 sit,
808 3743 915 3824 qnippe
939 3742 1014 3819 quod
1036 3740 1164 3802 iaciiea

90 3825 178 3904 ptem
199 3825 276 3888 saiso
304 3839 332 3889 et
360 3830 449 3910 impia
479 3830 571 3910 possit
598 3829 751 3909 explicari.
772 3860 813 3876 -
842 3830 873 3890 2.
895 3826 941 3890 Pt.
970 3824 1091 3905 spina.
1134 3824 1164 3888 3.

87 3910 138 3971 Pt.
163 3910 281 3973 steila
309 3925 439 3976 castos
468 3949 510 3962 -
540 3932 736 3995 superaus.
793 3914 823 3977 6.
856 3912 903 3974 Pt.
932 3912 1084 3973 habens.
1133 3910 1165 3979 7.

64 3994 138 4055 ‘Pa
159 4013 289 4059 auram
311 3998 468 4062 fuirum.
509 4000 540 4062 8.
553 3998 598 4063 Pt.
621 4009 729 4059 tenes
751 4018 802 4077 pr.
825 3997 953 4077 Stropha
972 3995 1083 4056 decima
1104 4005 1164 4056 ter·

17 4086 19 4099 “
89 4080 133 4139 tia
162 4076 271 4160 iegitur
299 4093 409 4145 tautam
433 4084 462 4146 in
492 4085 579 4147 Miss.
608 4084 727 4145 Petam:
754 4084 817 4144 siae
838 4081 925 4142 dnbio
947 4091 992 4142 est
1013 4081 1115 4161 spuria
1135 4089 1164 4141 et
1277 4136 1281 4153 ,

89 4164 215 4228 sortasse
236 4169 273 4230 air
292 4167 440 4232 Monaeho
463 4169 572 4232 ordinis
592 4188 745 4232 servaram
767 4166 881 4228 diarriae
901 4166 1025 4228 adiecta.

908 4454 963 4519 fiii
