2809 4850
708 376 774 455 38

212 562 481 641 renuntiantium,
503 559 577 642 qood
598 555 656 621 SS.
676 556 810 619 Trinitas
838 571 898 614 nna
924 559 1037 613 mmurn
1055 550 1211 614 festivitate
1232 572 1286 616 ea-

212 660 334 736 demqne
361 650 438 712 haud
466 644 574 727 duplici
602 642 714 724 primae
746 638 851 702 classis
871 637 1067 699 celebraretur
1086 656 1180 717 neque
1207 639 1284 700 festo

182 760 187 775 ¹
213 750 332 823 proptor
359 735 435 796 dicut
462 727 593 812 coquaris
627 725 738 790 Christi
766 741 906 785 courcessa
931 730 1009 784 esset
1036 721 1147 783 Octava
1173 723 1286 803 (exce-

212 826 276 907 ptis
306 818 453 893 ecclesiis,
489 834 563 896 quae
593 813 625 875 S.
652 808 789 873 'Prinitati
818 808 964 869 dedicatae
992 809 1091 888 curru).
1137 807 1203 868 ldco
1230 808 1287 871 tri.

214 930 252 971 ue
281 903 395 969 numini
422 903 484 962 dies
512 901 602 961 festos
630 916 733 961 reeeus
761 892 931 957 constitutos
959 891 1137 954 dedicarunt.
1186 892 1286 956 Veluti

195 995 244 1056 'in
278 989 401 1052 ecclesia
438 980 675 1048 Halberstadensi
711 1000 750 1042 ex
787 978 963 1043 institutione
996 976 1142 1037 Frederici
1178 976 1288 1038 Haken

214 1074 370 1160 praepositi
399 1080 464 1153 pout
494 1066 619 1131 Oetaeas
648 1064 830 1147 Epiphaniae
858 1070 989 1124 cnrrtatur
1015 1062 1050 1120 de
1079 1060 1110 1123 S.
1140 1062 1288 1123 'l‘rinitato

216 1164 272 1224 ritu
302 1153 499 1238 semiduplicir
529 1152 560 1213 in
586 1150 655 1213 aliis
677 1150 858 1210 dioecesibus
882 1146 984 1208 ultima
1005 1157 1069 1224 post
1095 1146 1288 1209 Pentecosten

216 1244 360 1306 dominico
374 1252 417 1303 cst
437 1257 583 1300 crimmum
595 1237 701 1299 testum
716 1233 880 1297 Trinitatis.
924 1230 1065 1293 Ouruibns
1093 1250 1162 1292 vero
1182 1232 1289 1292 diebus
1379 1234 1380 1237 ’

216 1330 298 1395 lestis
325 1326 477 1391 ndlribetnr
512 1324 653 1404 lrpmuus:
691 1321 717 1382 Ο
745 1318 968 1394 luxbentn,
1003 1325 1034 1379 nt
1062 1314 1118 1380 SS.
1147 1316 1288 1378 Trinitati

215 1474 495 1491 ..ι-Μ

215 1562 299 1615 semel
321 1559 470 1612 celebraret
492 1567 555 1626 post
582 1558 813 1609 consecrationem
836 1553 957 1605 dirinnrn
988 1563 1083 1604 tenens
1108 1553 1136 1602 in
1161 1551 1290 1604 manibus

217 1632 373 1693 dominnm,
391 1626 504 1696 protulit
521 1627 588 1678 haec
605 1626 703 1690 verbe,
721 1625 832 1677 dicenrt
852 1622 875 1676 0
894 1622 1003 1673 donnino
1021 1621 1080 1672 lesu
1095 1619 1216 1683 Christe,
1235 1634 1318 1673 nec·

147 1698 151 1703 ’
217 1711 245 1752 te
262 1700 396 1749 dimitte'm
415 1714 464 1747 nec
480 1707 508 1747 te
525 1695 622 1746 levabo
645 1695 698 1745 nisi
722 1695 796 1762 prius
822 1691 937 1756 dixeris,
957 1708 1026 1759 quse
1052 1701 1114 1741 sunt
1137 1688 1292 1760 placidiora

216 1768 278 1820 tibi.
314 1765 367 1836 Qui
380 1763 483 1817 ondins
496 1781 591 1815 rocem
602 1763 738 1814 dicentem
754 1762 822 1814 ribi:
842 1762 954 1825 Decem,
967 1760 1070 1829 inquit,
1089 1758 1203 1810 Alberte
1216 1777 1291 1825 quae

217 1847 280 1887 sunt
298 1835 449 1905 placidiora
467 1832 532 1882 mibi
552 1843 578 1884 et
596 1832 647 1882 tibi
665 1831 783 1882 utiliore.
817 1831 964 1881 Primum
984 1839 1023 1880 est
1042 1826 1106 1879 dare
1124 1829 1152 1879 iu
1170 1830 1292 1878 turrita

217 1923 277 1956 cum
291 1903 405 1954 sanitate
427 1920 509 1952 unum
528 1900 699 1952 denariorum
712 1917 762 1968 pro
777 1916 867 1951 amore
887 1899 938 1949 mei
947 1936 955 1962 ,
971 1896 1032 1966 plus
1052 1907 1093 1948 est
1105 1897 1169 1947 mibi
1183 1907 1291 1964 gratum

218 1984 245 2027 et
263 1974 313 2024 tibi
330 1971 440 2034 utilius,
461 1964 547 2037 qunm'
565 1972 588 2020 si
606 1968 719 2020 haberes
737 1978 965 2019 unum=montem
985 1984 1094 2018 aureum
1113 1967 1291 2033 attingentem

216 2060 233 2094 a
258 2053 328 2115 terrp
355 2058 438 2108 nsque
463 2038 497 2088 nd
527 2038 617 2099 coelos
640 2049 670 2089 'et
694 2036 853 2107 disponeres
881 2054 941 2087 enm
966 2034 1219 2104 dare-pauperibus
1236 2050 1291 2102 pro

217 2128 308 2161 amors
330 2111 382 2160 mei
402 2119 463 2178 post
481 2118 594 2160 mortem
611 2118 700 2158 tuam:
720 2104 915 2157 Secundum
935 2114 992 2156 est:
1019 2122 1071 2154 una
1090 2104 1148 2156 sols
1166 2103 1291 2166 lacrima,

219 2179 426 2230 admemoriam
451 2178 583 2248 passionis
602 2193 678 2228 meae
697 2186 723 2226 et
742 2192 792 2242 pro
816 2174 935 2245 peccatis
959 2174 1012 2222 tuis
1037 2168 1122 2223 effusa
1140 2172 1205 2221 mibi
1227 2171 1292 2239 plus

218 2248 308 2317 placet
327 2258 352 2298 et
372 2245 420 2295 tibi
441 2247 533 2295 rutilior
552 2255 606 2309 est,
631 2244 753 2312 quamsi
772 2243 893 2313 plorares
911 2260 961 2309 pre
973 2241 1167 2309 temporalibus
1185 2251 1293 2290 tontum

207 2318 287 2366 ‘sicut
307 2326 347 2365 est
365 2332 433 2380 aqna
452 2316 531 2363 rrruris
549 2313 593 2363 rel
613 2315 635 2364 si
654 2322 717 2383 post
735 2323 846 2363 mortem
861 2322 934 2360 tunrn
954 2309 1058 2360 alveum
1072 2310 1148 2378 qnasi
1161 2308 1293 2359 balneum

218 2382 324 2434 soreres
343 2380 377 2433 de
395 2383 510 2432 lacrimis
529 2399 579 2450 pro
597 2377 710 2433 offensis
727 2398 777 2451 pro
796 2391 832 2432 te.
867 2380 1045 2431 Tertium:
1066 2390 1105 2430 est
1123 2396 1207 2430 unum
1226 2396 1294 2429 rer·

220 2452 283 2502 lruur
303 2453 459 2499 iniuriosum
479 2450 529 2500 tibi
554 2452 717 2500 contrarium
742 2449 949 2501 admemoriam
972 2466 1058 2500 meam
1083 2451 1138 2518 peti
1162 2448 1224 2518 plus
1251 2459 1294 2499 est

218 2520 284 2580 ruibi
298 2529 400 2585 gratum
417 2529 442 2567 et
462 2517 511 2566 tibi
531 2518 622 2568 utilius
644 2537 724 2587 quam
742 2516 816 2587 qnod
833 2534 971 2586 rumperes
989 2535 1082 2568 orrrues
1101 2519 1185 2583 virgas
1204 2515 1294 2566 silua-

218 2607 277 2638 ruur
297 2604 378 2656 super
395 2583 504 2636 (loreum
527 2597 602 2634 tunm
619 2596 647 2636 te
666 2584 878 2655 disciplinando.
914 2585 1079 2654 (pluer-tum
1099 2597 1155 2636 est:
1177 2584 1293 2651 vigilare

219 2660 247 2707 iu
268 2653 436 2707 orationibus
456 2664 483 2702 ot
502 2652 619 2724 gaudere
641 2656 669 2704 in
689 2673 732 2707 me
753 2666 780 2706 et
796 2652 909 2705 sufferre
927 2654 976 2705 tibi
997 2653 1032 2705 de
1050 2672 1144 2718 sonrno
1163 2653 1294 2720 aliquan·
1362 2675 1366 2681 ·

220 2726 305 2776 tulum
324 2723 361 2772 ob
381 2724 536 2774 irreventiam
556 2725 609 2773 mni
626 2724 691 2774 milri
709 2725 770 2792 plus
793 2735 897 2791 gratnm
923 2734 963 2774 ert
987 2734 1014 2776 et
1031 2725 1081 2774 tibi
1100 2722 1191 2773 utilius
1210 2741 1295 2790 quam

222 2793 295 2860 qnod
315 2792 417 2842 babens
434 2792 496 2841 Xll.
516 2792 615 2842 milites
633 2803 727 2843 contra
745 2792 894 2844 Saracenos
918 2793 965 2859 qui
989 2804 1139 2862 pugnarent
1163 2809 1226 2842 cum
1253 2794 1294 2843 eis

222 2861 347 2912 omnibns
366 2858 460 2910 diebus
479 2861 550 2910 ritae
568 2878 632 2912 strae
650 2879 790 2929 quousque
808 2864 913 2913 viveres
934 2863 961 2911 iu
981 2860 1092 2913 arunde.
1126 2858 1296 2930 Quintum

221 2941 277 2981 est:
305 2926 418 2978 infirmis
444 2929 560 2996 compati
586 2940 613 2980 et
638 2929 765 2998 colligere
782 2931 931 3000 peregrinis
960 2929 996 2981 eb
1016 2948 1132 2982 aurorem
1153 2930 1206 2979 mei
1230 2928 1295 2997 plue

221 2999 288 3048 milri
306 3007 410 3065 gratnm
430 3007 514 3048 estet
535 2996 584 3047 tibi
604 2998 711 3061 utilius,
740 3017 819 3067 quam
847 3001 869 3049 si
888 3000 1022 3050 ieiunares
1038 3001 1067 3050 in
1088 3015 1156 3065 eque
1176 3007 1202 3049 et
1220 3015 1296 3064 pene

221 3067 273 3117 XL
295 3067 380 3115 aurinis.
420 3063 560 3116 Sextum
585 3077 641 3118 est:
673 3067 808 3119 abstinere
833 3086 848 3118 a
872 3066 1041 3119 detractione
1064 3067 1198 3137 preximi,
1230 3069 1295 3134 pins

220 3145 322 3201 grauun
348 3144 403 3197 cst,
433 3152 513 3201 quum
541 3136 564 3184 si
588 3136 716 3186 transires
742 3136 822 3187 nudis
839 3134 955 3203 pedibus
974 3154 1058 3206 usqne
1077 3134 1110 3186 ad
1129 3132 1296 3186 effusionem

220 3203 367 3267 sanguinis.
403 3201 594 3267 Septimum
608 3214 664 3255 est:
681 3216 711 3258 nt
725 3223 741 3254 a
753 3215 779 3255 te
792 3205 903 3257 abiicies
916 3223 996 3256 emere
1011 3204 1194 3266 menducium,
1210 3205 1297 3271 quiq·

221 3270 287 3339 quid
309 3268 385 3320 oudin
404 3271 445 3320 rel
457 3269 542 3328 ‚rides
562 3274 737 3335 conuertejn
755 3274 866 3338 melius,
888 3285 915 3325 et
933 3274 986 3326 lroc
1003 3275 1067 3325 milri
1089 3273 1150 3339 pluo
1170 3283 1210 3323 est
1229 3289 1297 3338 gra-

220 3352 276 3390 tum
295 3350 321 3391 et
340 3339 389 3388 tibi
411 3339 518 3403 utilius,
546 3343 667 3406 quamsi
687 3343 846 3395 ascenderes
864 3361 913 3410 per
930 3342 1188 3412 contemplationem
1206 3359 1297 3409 usque

131 3449 136 3454 .
222 3407 503 3460 edtertiumeoclnrrr.
532 3405 771 3463 Octavumest:
793 3430 856 3479 pro
875 3410 1298 3479 temetiptodeprecare

221 3491 256 3528 ut
275 3489 331 3528 tus
352 3475 738 3544 peccatadirnittamet
757 3481 825 3533 tibi
843 3481 988 3546 gratiam
1008 3478 1299 3540 inlundsm‚boc

219 3546 299 3616 plus
327 3557 378 3597 esl
404 3545 486 3596 milri
512 3557 644 3612 pretium
671 3558 702 3598 el
734 3548 802 3599 tibi
833 3548 976 3612 utilius,
1007 3566 1105 3614 quarn
1131 3548 1159 3597 ai
1184 3558 1300 3598 mater

220 3635 291 3667 mea
310 3627 342 3668 et
361 3631 477 3665 omnes
496 3617 628 3680 suncti,
651 3617 709 3683 qui
731 3616 875 3668 lnerrrnt
898 3618 939 3668 ab
958 3619 1065 3667 iuitio
1090 3613 1206 3667 rnundi
1232 3633 1301 3666 us·

220 3702 286 3752 que
312 3682 352 3735 ad
370 3681 486 3736 murrdi
510 3683 619 3734 finem
638 3703 704 3755 pro
729 3696 762 3737 te
783 3698 937 3738 orarent.
975 3686 1123 3737 Nonum:
1149 3682 1223 3752 quod
1242 3684 1300 3734 he-

220 3751 287 3803 bens
312 3771 392 3820 opem
418 3765 444 3802 et
462 3749 587 3804 fiduciam
605 3751 709 3804 lironem
728 3756 756 3805 in
775 3756 833 3806 solo
852 3755 912 3806 Deo
931 3773 1038 3823 senrpor
1056 3765 1082 3805 et
1100 3753 1217 3819 ubique5
1243 3752 1300 3806 hoc

221 3821 286 3870 mibi
306 3823 392 3871 carius
417 3830 472 3882 est,
502 3840 582 3888 quom
607 3825 629 3872 si
655 3825 768 3891 erigeres
795 3843 876 3874 urrann
906 3825 1059 3873 columnam
1082 3824 1263 3888 attingentem
1285 3839 1301 3873 a
1329 3867 1330 3870 ,

221 3898 291 3938 terra
311 3906 394 3956 usque
412 3886 445 3937 nd
465 3889 567 3940 coelum
588 3894 717 3942 munitam
736 3892 832 3960 gladiis
851 3895 935 3944 acutis
962 3904 987 3944 et
1007 3910 1066 3942 eam
1088 3888 1178 3940 nudus
1196 3905 1302 3950 ascen-‚-

222 3954 314 4018 deres,
334 3973 430 4025 corpus
449 3966 522 4006 tuunr
541 3958 646 4010 leniens
670 3972 697 4011 et
723 3963 880 4028 sanguinem
904 3959 1057 4013 effundens.
1097 3959 1300 4012 Decimum!

222 4026 434 4077 consolationem
456 4040 561 4075 omnem
582 4038 714 4079 terrenam
735 4030 875 4100 despicere
900 4041 927 4082 et
951 4033 978 4080 in
1003 4030 1062 4080 solo
1081 4028 1141 4079 Ileo
1166 4044 1303 4093 quaerere

222 4093 452 4150 consolationem,
477 4093 528 4143 boc
551 4096 615 4145 mibi
640 4098 701 4167 plus
730 4111 771 4150 est
793 4112 895 4166 gentum
921 4109 948 4148 et
967 4097 1140 4158 tibialibus,
1167 4114 1250 4163 quam
1277 4098 1302 4147 si

221 4162 359 4214 laborares
382 4162 500 4230 propriis
526 4164 648 4215 menibus
678 4178 800 4228 tanturn,
825 4165 898 4234 quod
924 4167 1023 4218 exinde
1049 4163 1175 4216 reliceres
1201 4182 1324 4217 omnes]

223 4248 355 4300 pauperet
375 4230 451 4280 buius
470 4227 573 4284 mundi·
610 4233 669 4286 lloc
682 4235 741 4301 lec,
761 4235 830 4288 dixit
846 4233 982 4302 Christus,
1002 4246 1029 4289 et
1046 4237 1121 4287 river
1139 4234 1169 4286 iu
1187 4234 1301 4286 saecuta

221 4299 399 4352 saeculorum.
434 4299 534 4350 Aaron.
