2809 4850
596 382 694 459 sal

98 582 192 629 sara
213 571 250 627 et
270 562 401 627 eleeto
428 556 587 624 civitas.
630 561 684 626 17.
711 558 797 626 Cass.
826 567 862 623 st
889 559 1012 627 lende.
1061 562 1098 629 ll,
1118 565 1177 633 nv.

97 651 172 731 Lps.
199 650 274 714 Led.
302 666 384 709 enm
410 662 555 707 esnone
582 643 714 733 iubilo,
771 645 824 712 1⁹.
854 646 962 712 stou
989 650 1176 730 templum.

98 736 154 800 22.
174 734 226 798 Fr.
248 732 310 799 llil.
331 730 416 795 coss.
438 728 653 809 acquirere.

408 1006 545 1079 CCXX.
593 1014 648 1079 De
668 1012 706 1079 S.
725 1013 875 1083 tttootao.

98 1137 224 1204 Rxnltel
243 1138 314 1202 arde
333 1137 462 1215 ooelios,
665 1131 747 1196 Dum
767 1135 859 1198 reiert
877 1110 1065 1203 alisontia

98 1226 241 1289 Laetetur
260 1222 361 1285 mnndi
382 1221 535 1300 maehina,
667 1216 783 1281 Nioolai
802 1219 959 1286 sollemnia
977 1233 1033 1290 eta

187 1323 261 1390 God.
282 1325 321 1391 lh
341 1324 400 1391 flu
421 1322 545 1407 ttdupt
566 1318 638 1388 lleh.
659 1316 766 1385 elicit
785 1318 870 1392 Cass.
891 1321 953 1389 ΕΙΙ.

252 1642 258 1649 .
385 1585 538 1654 ccxxi
586 1590 642 1657 De
666 1591 705 1656 S.
731 1589 905 1675 Stephano.
938 1648 942 1655 .

147 1712 290 1777 Senote
308 1712 376 1777 Dei
401 1708 588 1794 pretiose,
608 1717 869 1794 protomartyr
888 1709 1096 1795 Stephane,
1202 1701 1206 1709 ¹

147 1798 219 1876 Qui
238 1797 381 1862 virtute
402 1794 584 1858 raritatis
605 1792 881 1857 eironminltns
901 1798 1068 1881 undique

147 1881 346 1945 Dominum
365 1902 432 1965 pro
452 1879 609 1942 inimico
630 1876 804 1942 exorasti
823 1880 969 1961 populo.

150 2001 201 2064 Ta
223 1998 361 2064 eoelestis
381 1996 548 2079 primitivus
568 1994 694 2077 signifer
714 1994 854 2072 militiae,
915 2032 922 2041 -

148 2084 288 2148 Veritatis
307 2085 488 2160 assertione,
508 2081 591 2144 testis
611 2080 726 2161 primns
746 2078 876 2159 gratiae,

149 2169 351 2232 Fundamento
373 2166 451 2250 lapis
471 2165 575 2245 uirus,
599 2164 679 2227 basis
699 2163 866 2246 patientiae.

146 2286 230 2349 Saxo
251 2300 371 2364 mesos,
391 2301 450 2349 nos
470 2300 625 2360 meone,
645 2286 698 2362 per
719 2299 860 2344 saxorum
881 2280 1017 2365 cuspides

148 2370 266 2453 corpus
287 2368 408 2434 membri
433 2367 569 2451 passione
590 2366 755 2436 eircumcidi
776 2365 949 2447 praesides,

148 2459 195 2522 Ad
215 2458 351 2519 decorem
373 2463 440 2518 sunt
461 2472 585 2517 coronae
606 2450 746 2516 rubricati
767 2451 892 2534 lapides.

147 2574 198 2638 'fn
222 2574 370 2636 eoelomm
391 2572 504 2653 prienes
526 2580 647 2634 stratura
668 2569 831 2632 oonmmis
851 2568 1028 2655 lapideam‚'
1099 2537 1104 2542 ἰ
1141 2581 1184 2648 10

148 2659 199 2720 'tu
220 2678 274 2739 per
294 2656 444 2719 Christum
465 2657 628 2718 hebetatam
650 2657 763 2736 primas
781 2654 889 2718 transis
910 2657 1141 2745 rhomphaeam,

148 2742 283 2806 Primum
304 2760 430 2822 granum
451 2741 634 2818 trituratum,
655 2740 752 2803 ditans
773 2737 884 2802 Christi
904 2758 1015 2810 aream.
1052 2826 1073 2846 .

150 2859 222 2921 'riti
245 2857 370 2947 primurn
391 2866 538 2920 reseratae
559 2856 633 2921 ooeli
656 2866 755 2940 pateat
775 2855 898 2939 ianuae,

147 2945 248 3008 lesam
267 2943 350 3006 rides
370 2949 510 3023 potestate
524 2941 577 3003 oui
598 2962 714 3023 pugnas
734 2951 867 3018 strenae3

148 3029 240 3091 Stans
262 3048 328 3090 eum
348 3027 440 3109 patris
460 3028 610 3092 maiestate
632 3037 726 3090 teourn
746 3036 791 3090 est
816 3029 943 3098 amidae.
1143 3044 1185 3107 15

147 3147 310 3209 Praestnus
331 3143 411 3226 penti
431 3143 614 3227 persequenti
635 3165 736 3225 preoes
758 3167 812 3228 pro
833 3147 995 3232 lapidibus,

102 3231 106 3236 ’
146 3232 195 3294 Ne
217 3231 359 3310 rependas
380 3240 408 3292 te
428 3231 534 3312 petenti
555 3229 668 3311 lapides
688 3251 743 3311 pro
761 3232 911 3315 precibus,

149 3315 212 3377 Sed
233 3313 351 3396 indulge
372 3313 437 3400 piae
456 3315 545 3378 menti
567 3315 634 3396 plns
656 3334 744 3396 qnam
764 3319 851 3380 nudet
871 3320 1003 3388 vooihns.

146 3432 282 3495 Funde
310 3449 448 3510 preces
469 3453 536 3512 pro
558 3433 694 3493 devoto
717 3432 789 3494 tihi
810 3456 907 3499 nuno
928 3438 1101 3520 collegio
1144 3475 1147 3480 ·

144 3516 200 3578 Ut
221 3526 284 3577 too
305 3514 543 3595 propitiatus
563 3516 787 3579 interventu
807 3521 982 3585 dominus
1141 3529 1186 3600 20

144 3601 228 3663 Nos
249 3613 475 3688 purgatosn
494 3599 668 3682 pereatis
691 3598 826 3683 iungat
845 3608 946 3670 eoeli
967 3607 1129 3680 uiribus.

147 3716 243 3800 [Uhi
266 3717 408 3779 chorus
430 3718 626 3780 beatorum
647 3715 818 3780 laetatur
839 3723 1064 3808 spirituum,

146 3801 222 3864 Ubi
243 3799 398 3862 animae
419 3801 608 3864 iustorum
630 3801 733 3862 olaro
755 3806 922 3883 gandent
942 3809 1111 3878 lumine„

145 3885 364 3954 Cernentes
386 3886 614 3949 euminhilo
635 3905 762 3967 regem
784 3887 821 3950 ia
844 3893 1101 3984 decorosus]
1141 3951 1145 3958 .

147 4001 255 4065 Gloria
276 4011 305 4063 et
323 4003 418 4066 honor
439 4001 520 4080 Deo,
543 4003 591 4084 qai
612 4011 640 4063 te
660 4004 732 4066 flore
753 4026 838 4068 roseo
1140 4020 1184 4089 25

146 4087 312 4150 Coronasit
333 4095 361 4147 et
383 4086 489 4148 locarit
510 4088 540 4150 in
560 4087 665 4149 'throno
687 4090 816 4153 sidereo:

149 4171 256 4235 Solvet
277 4191 362 4251 reos,
384 4171 503 4236 solvens
524 4192 575 4235 eos
596 4192 616 4235 a
636 4174 738 4237 mortis
758 4177 871 4243 asuleo.

569 4309 731 4322 m

140 4343 261 4393 Dnrer.
279 4342 365 4395 Thea.
384 4343 486 4412 Hymos.
506 4343 527 4393 l.
933 4345 975 4410 10
