2809 4850
929 501 935 508 η

221 627 224 642 ’
308 601 339 666 4.
383 599 448 662 Non
469 605 528 659 tres
550 604 645 657 tamen
667 591 707 653 dii
730 599 814 673 snut,
840 591 910 653 deus
935 606 1024 650 verns
1045 573 1136 648 uuus:
1165 585 1208 646 sic
1238 593 1319 663 pater

245 687 389 749 Dominus
410 683 506 761 fliius,
527 681 702 761 spiritusque
726 688 854 739 sauctus.

311 790 342 851 5.
386 785 553 866 Proprietas
574 781 604 843 in
627 778 758 862 personis
775 777 871 841 unitas
893 775 987 839 estin
1007 770 1150 860 essentia:

306 889 349 951 6..
380 886 522 949 Maiestas
536 903 589 964 par
603 893 633 944 et
647 891 789 963 potestas,
810 882 914 957 decus,
928 881 1022 943 honor
1039 895 1130 955 aeque
1143 894 1199 955 per
1212 873 1319 935 omnia.

308 989 339 1057 7.
380 988 484 1049 Sidera
504 988 597 1049 maria
616 984 783 1061 continens,
803 1000 875 1043 arva
889 980 978 1048 simul
999 987 1027 1038 et
1047 976 1184 1038 universa
1197 976 1319 1040 condita.

308 1089 342 1156 8.
380 1088 474 1165 Quem
503 1099 627 1149 tremunt
648 1085 739 1166 impia
768 1094 894 1160 tartara,
932 1081 1000 1142 colit
1036 1098 1148 1160 qnoque
1179 1097 1269 1158 quern
1295 1089 1320 1136 st

249 1176 373 1257 abyssus
395 1173 505 1237 infima.

154 1331 162 1338 .
250 1359 268 1420 d
312 1277 354 1352 9.Ι
386 1274 471 1338 Nono
500 1273 594 1336 omnis
628 1292 687 1334 uon
722 1281 807 1351 atque
842 1271 944 1349 lingua
976 1268 1099 1328 fateatur
1129 1267 1208 1327 inune
1239 1261 1319 1324 lande

271 1358 364 1436 cirita,

140 1439 154 1449 „
294 1459 345 1522 lo.
389 1460 482 1537 Quem
505 1459 603 1520 laudat
624 1456 669 1520 sol
690 1461 775 1535 atquo
796 1454 883 1531 iuna,
905 1453 1032 1535 dignitas
1052 1451 1153 1514 adorat
1175 1448 1319 1528 angelica

175 1645 181 1664 Ι
287 1563 348 1703 Ι111.
389 1560 475 1624 Nunc
495 1579 595 1621 omnes
617 1557 772 1621 iubilemus
793 1552 1195 1637 altithroundomiualandes
1216 1550 1249 1610 iu
1270 1570 1321 1611 ex·

253 1664 354 1706 cesis:

296 1745 347 1811 12.
386 1743 443 1806 Eia
473 1753 500 1802 et
528 1743 713 1806 Eia-omnes
735 1742 823 1805 simui
846 1741 1026 1803 martirisatur
1048 1737 1188 1818 organica
1208 1689 1319 1799 ennoea
1383 1709 1386 1794 i

251 1829 327 1891 dnici
350 1830 484 1898 melodia.
609 1825 615 1838 ’

295 1930 344 1999 13.
386 1931 596 1993 Oueueranda
617 1931 727 2004 inuitas,
1041 1919 1044 1923 '
1110 1901 1114 1912 ’
1384 1953 1387 2046 p

294 2034 344 2095 14.
388 2032 582 2094 Oadoranda
604 2030 753 2091 Trinitas:
867 2085 872 2102 ,

293 2136 344 2198 15.
386 2133 443 2202 Per
465 2144 493 2192 tc
515 2152 616 2193 suanm
638 2129 746 2207 creati,
770 2150 842 2193 rera
863 2128 1034 2192 aeternitas:

239 2265 243 2274 =
294 2237 344 2303 16.
385 2234 443 2300 Per
464 2245 491 2295 te
513 2253 614 2295 sununs
636 2232 794 2312 redempti,
813 2252 928 2295 somma
947 2243 976 2292 tu
999 2230 1113 2294 caritas.

292 2337 344 2399 17.
386 2335 530 2415 Popnlnm
558 2345 693 2397 cunctum
722 2343 752 2395 tn
787 2345 924 2418 protege,
958 2335 1060 2409 sadra,
1096 2334 1204 2409 littera,
1240 2330 1316 2411 eripe

253 2432 283 2489 ee
302 2421 435 2491 emunda.
1151 2452 1155 2459 ·
1387 2411 1388 2483 Ϊ

277 2523 433 2671 '⁰13⁸'st
459 2523 614 2583 adoramus
642 2521 842 2600 omnipotens,
869 2522 919 2584 titi
942 2519 1099 2642 canimus,¹
1120 2519 1170 2581 tihi
1201 2518 1316 2581 lenset
1387 2552 1388 2605 3

256 2628 277 2690 g
299 2710 348 2775 19.
390 2708 447 2769 Per
468 2706 578 2768 infinita
599 2705 719 2768 saecula
740 2705 934 2772 saeculorum.

224 2968 230 2983 ‘
339 2960 404 3021 Non
424 2973 499 3020 recte
522 2958 654 3038 agimus,
683 2959 709 3021 si
729 2960 807 3022 hauc
827 2960 1013 3043 Sequentiam
1036 2965 1108 3025 sesto
1134 2958 1169 3026 S.
1186 2956 1316 3021 Trinita-

255 3046 292 3106 tis
313 3043 460 3125 propriam
480 3043 572 3107 inisse
589 3062 624 3104 ac
645 3043 772 3124 primum
799 3045 830 3107 iu
848 3049 956 3108 eodem
983 3068 1047 3110 csse
1073 3055 1218 3107 cantatum
1239 3040 1316 3103 arbi·

214 3128 219 3137 ”
254 3141 380 3190 tramnr:
407 3149 465 3191 uon
494 3129 572 3189 enim
592 3129 664 3189 satis
686 3129 862 3211 liquet,‘ex
884 3152 1008 3212 quonam
1029 3145 1158 3212 tempore
1181 3130 1253 3192 hoec
1273 3128 1338 3189 ie·

255 3214 367 3277 stiritas
389 3214 419 3276 in
440 3212 574 3279 Romana
596 3214 719 3275 ecciesiae
742 3215 853 3277 sancita
878 3217 915 3278 sit
942 3229 970 3278 et
997 3219 1130 3279 omnibus
1151 3222 1313 3292 praerepta

253 3297 367 3361 Etenim
390 3317 563 3380 quamquam
584 3297 755 3363 Benedictus
775 3299 852 3379 xlv,
881 3302 910 3361 in
939 3300 1013 3364 libro
1041 3304 1076 3362 de
1103 3301 1187 3363 sestis
1208 3307 1313 3374 censet,

252 3384 474 3446 sollemnitatem
502 3383 584 3444 iilam
611 3401 635 3459 a¹
656 3383 763 3444 loaunc
791 3384 881 3451 XXii,
915 3405 990 3446 anno
1022 3385 1105 3450 1334
1132 3387 1313 3445 constitutam

253 3489 335 3547 esso,
353 3480 448 3531 tamen
461 3488 552 3547 neque
573 3468 601 3528 iu
617 3467 733 3529 Missat.
755 3467 854 3532 Vanet.
868 3489 896 3530 a.
915 3473 995 3534 1469
1009 3472 1099 3546 edito,
1120 3489 1174 3530 nec
1194 3469 1225 3530 iu
1241 3467 1313 3528 Mis·
1372 3488 1380 3501 ·

259 3552 314 3615 soli
345 3553 411 3637 Ord.
438 3552 586 3615 Minornm
612 3571 639 3613 a.
669 3553 751 3615 1482
780 3553 893 3616 Romae
916 3556 989 3617 edito
1027 3557 1118 3617 uilrrni
1158 3552 1240 3615 iltius
1263 3552 1315 3626 ,ie-

253 3637 388 3699 stiritatis
410 3646 504 3699 exstat
525 3636 690 3715 uestigium.
718 3637 841 3699 Missaic
863 3639 983 3701 Eremit.
1007 3640 1039 3707 S.
1059 3638 1217 3719 Arrgustini
1240 3635 1312 3718 quod

256 3723 383 3785 veneriis
404 3741 431 3785 a.
449 3723 530 3784 1497
553 3724 581 3782 in
604 3722 695 3782 larem
719 3724 840 3801 prodiit,
863 3725 935 3785 hacc
954 3724 1123 3800 iniet:·‚,in
1145 3723 1242 3801 prima
1255 3722 1314 3783 lio·

254 3807 362 3879 minica
383 3816 448 3888 post
467 3806 652 3867 Pentecosten
672 3806 704 3866 tit
726 3807 853 3869 officium
876 3820 993 3870 sanctae
1015 3820 1042 3870 ct
1063 3808 1228 3869 individuae
1244 3808 1313 3867 'Pri-

251 3891 350 3953 uitatis
368 3911 433 3953 cnm
451 3892 592 3953 memoria
603 3889 782 3953 Dominirae.
823 3894 979 3956 Missam
1000 3893 1151 3975 require
1173 3893 1210 3952 in
1234 3892 1312 3953 tine

252 3974 336 4037 litori
371 3977 413 4037 ad
450 3977 603 4039 votivos
637 3975 805 4038 missas.“
861 3979 892 4039 in
923 3979 1079 4044 Germania
1105 3996 1175 4038 rero
1203 3978 1312 4038 decimo

251 4060 449 4133 iamsaeonio
471 4061 576 4123 indicia
600 4061 687 4121 huius
709 4061 775 4123 festi
797 4063 893 4142 prima
914 4064 1037 4125 inueniri
1060 4064 1193 4125 dicuutur
1214 4073 1241 4123 et
1260 4081 1314 4139 pu·

252 4154 315 4204 stea
351 4146 381 4204 in
417 4145 550 4207 omnibus
584 4146 764 4208 dioecesibus
798 4147 879 4208 itiam
916 4148 1101 4211 festivitatem
1139 4142 1313 4207 celebratum

252 4245 317 4289 esse
336 4226 459 4304 seimus,
481 4229 521 4290 its
542 4241 636 4290 tamen
666 4239 695 4289 nt
715 4232 792 4311 apud
823 4233 977 4295 nonnullos
996 4233 1145 4315 (Magdala.
1166 4231 1312 4311 Halterst.

249 4310 342 4373 Miud.
364 4333 389 4379 e.
411 4315 451 4393 a.)
483 4313 556 4376 {cria
582 4315 706 4377 secunda
728 4326 792 4394 post
818 4316 961 4393 Octavam,
980 4318 1165 4383 Pentecosten
1187 4335 1313 4398 perage·
