2809 4850
573 411 664 506 1⁰1

120 596 226 660 Omra
248 612 304 657 ave
324 610 394 673 epm
413 587 498 652 anisa
557 589 600 653 25
648 588 674 651 Ο
693 607 768 650 crux
788 605 842 650 aue
865 587 1040 669 spesuuiea

99 597 153 745 iton
171 679 315 763 passionis
334 687 480 755 tempore,
646 673 711 736 Hoc
733 671 878 753 passionis
905 681 1051 753 tenpore,

99 768 173 846 suge
191 764 247 846 piis
268 761 411 824 iustitiam
645 758 710 821 Piis
730 758 844 837 adauge
864 757 991 836 gratiam

21 841 24 848 ’
98 850 209 931 hiisque
231 850 308 910 dona
328 844 455 909 ueniam.
646 841 775 922 Reisqae
797 843 862 902 dele
882 841 1015 906 crimina.

97 1017 135 1079 'le
153 1034 264 1079 summa
285 1012 366 1075 Deus
388 1008 520 1072 Trinitas
648 1011 693 1071 Te
714 1010 782 1071 lons
803 1007 908 1070 salutis
928 1007 1061 1073 Trinitas
1114 1013 1158 1075 25

98 1101 236 1163 collaudet
257 1097 351 1159 omnis
371 1094 506 1175 spiritns,
554 1094 597 1161 30
648 1094 800 1157 collaudet
813 1092 915 1172 'omnis
937 1094 1075 1176 spiritns,

97 1189 167 1262 Quoue
186 1205 238 1265 per
261 1181 357 1244 erucis
377 1179 546 1261 inpeterium
646 1180 760 1257 Quibus
782 1176 876 1238 orturis
897 1176 1048 1240 victoriam

97 1270 210 1349 Salias,
230 1288 301 1349 rege
322 1286 375 1348 per
396 1264 539 1348 mertula]
645 1261 782 1345 Largiris
802 1262 873 1321 adde
895 1264 1069 1343 praemium.

528 1417 711 1429 —n—u-un

169 1535 355 1600 Praeclarum
379 1533 455 1614 quod
476 1532 560 1593 modo
582 1530 769 1594 exhibuimus
790 1550 908 1593 cannen
924 1530 1158 1610 frequentissimo

96 1643 143 1685 asu
164 1624 191 1684 in
213 1619 337 1682 eeclesia
357 1629 401 1679 est
423 1620 616 1680 horrestatum.
661 1613 803 1677 Cantator
824 1635 843 1677 a
863 1615 1018 1677 Dominiea
1038 1618 1159 1682 Passio·

96 1707 136 1767 nis
155 1708 189 1767 ad
210 1706 314 1767 leriam
336 1723 426 1782 usqne
448 1711 580 1781 quartam
602 1700 722 1762 maioris
740 1700 928 1761 hebdomadis
945 1701 981 1760 ad
1004 1700 1159 1783 lleeperss.

95 1790 177 1853 Porro
195 1790 316 1869 diguam
338 1788 466 1850 habitmu
489 1795 534 1846 est
555 1787 628 1865 quood
652 1787 829 1846 intonaretur
850 1785 924 1846 feria
945 1796 1030 1847 sexta
1050 1789 1079 1847 iu
1099 1790 1159 1851 Pa·

97 1893 207 1936 raseeue
223 1878 290 1935 elam
313 1872 394 1934 lieret
411 1869 558 1950 processio
580 1872 615 1930 ad
638 1871 749 1947 lorum,
770 1871 828 1930 nbi
843 1869 934 1948 pridie
947 1885 1161 1935 sacramentum

94 1960 242 2039 repositum
270 1959 380 2019 inerat:
412 1956 484 2017 adde
510 1954 733 2016 sollemnitatem
763 1952 893 2033 eorporis
920 1951 1028 2016 Christi
1057 1959 1158 2020 eodem

97 2044 214 2104 carmine
234 2063 299 2104 eum
321 2042 412 2102 tribus
434 2040 502 2100 aliis
523 2040 552 2100 in
580 2038 817 2119 splendidissima
836 2056 943 2117 pompa
964 2042 1091 2100 canendo
1114 2044 1161 2104 iu-

96 2127 212 2207 signem.
253 2127 408 2192 Praeterea
429 2123 577 2203 proprium
602 2133 645 2185 est
672 2122 878 2184 festivitatibus
905 2135 1022 2182 satiatae,
1051 2128 1160 2187 erneis:

96 2212 286 2292 deniqueeam
307 2211 359 2271 illo
380 2209 455 2290 quood
477 2207 607 2289 sequitur
628 2207 798 2287 plerumque
821 2205 848 2265 iu
865 2204 925 2265 illis
944 2205 1159 2273 celebritatibus

97 2305 233 2375 mutatur,
254 2296 359 2388 quihus
380 2293 515 2374 singulae
530 2293 670 2354 ecelesiae
687 2289 857 2355 memoriam
873 2287 981 2350 Christi
1003 2311 1055 2369 pro
1076 2294 1161 2357 nobis

97 2380 222 2444 metu
242 2388 409 2444 reverenter
430 2377 525 2442 solent
545 2376 674 2440 recolere
688 2375 737 2459 ΙΙ).
758 2407 800 2421 -
821 2373 1076 2458 interpretationes
1092 2398 1162 2462 ger-

160 2678 189 2748 *)
207 2682 237 2733 ln
255 2681 331 2733 libris
352 2678 498 2800 liturgieie‘i
517 2680 563 2750 qui
589 2682 654 2734 mihi
672 2681 708 2735 sd
726 2701 821 2735 menne
838 2692 917 2747 sunt,
935 2681 1027 2751 plures
1051 2686 1161 2754 repperi

98 2747 250 2803 festivitates
283 2768 395 2818 quarum
426 2768 478 2819 spu
532 2751 723 2820 archaeologos
755 2756 856 2803 mentio
880 2749 911 2801 ht
941 2752 997 2802 lere
1025 2754 1099 2804 nulls
1124 2755 1162 2820 Ι)

100 2816 230 2870 Festum
250 2819 445 2886 Sanguinis
465 2820 484 2868 Ι.
504 2815 551 2881 C.,
576 2822 628 2870 iarn
648 2834 710 2871 ante
729 2838 753 2870 a.
774 2821 841 2872 1500
865 2820 964 2889 passim
989 2820 1163 2875 celebratum.

99 2884 227 2938 Brenni.
241 2890 321 2957 ponit
332 2887 438 2938 xxvi.
453 2887 556 2939 Martii.
592 2888 677 2959 Apud
691 2888 775 2951 alios,
789 2908 814 2940 e.
829 2908 855 2956 g.
874 2891 901 2938 in
920 2888 1041 2939 dominio
1055 2892 1162 2944 Veneto

101 2972 167 3007 asne
183 2956 297 3008 hebetur
318 2974 369 3006 una
388 2974 423 3006 ex
439 2954 513 3008 seriis
532 2958 614 3007 sextis
633 2958 726 3008 Martii
744 2957 788 3009 vel
806 2970 835 3007 nt
860 2960 888 3006 iu
908 2958 1017 3008 Dilicesi
1035 2959 1162 3010 Liuoenei

100 3021 160 3074 ieris
174 3025 205 3075 ΙΙ.
219 3037 282 3094 poet
295 3025 448 3075 Trinitatis.
463 3023 507 3089 ΙΙ)
527 3025 665 3076 Festum
683 3026 832 3078 lanceae
851 3037 885 3076 et
906 3025 1088 3077 clavorum
1109 3028 1165 3079 rel

101 3092 317 3144 srmorumcf.
336 3092 450 3159 Augusti
469 3093 589 3143 Denhw.
609 3095 716 3162 lll.,p.
734 3093 794 3146 296.
828 3096 920 3145 Posuit
943 3095 1096 3149 uirtloetus
1116 3104 1165 3167 prb
1252 3119 1259 3138 =

100 3157 141 3211 die
163 3160 222 3212 festi
245 3162 324 3212 XVI.
349 3161 461 3229 Aprilis.
502 3158 635 3228 Equidem
657 3164 767 3213 inuenio
787 3162 858 3231 apud
877 3173 995 3213 vetustos
1017 3175 1043 3213 et
1068 3184 1166 3216 recen-

99 3229 178 3279 tiores
201 3230 245 3281 vel
263 3230 434 3281 Dominicam
452 3230 596 3280 secundom
615 3242 676 3299 post
694 3232 794 3282 Pascha
814 3232 856 3282 vel
874 3231 965 3281 leriam
985 3243 1086 3281 sextam
1105 3246 1167 3303 post

101 3294 353 3365 Qnssimodogeniti.
395 3298 450 3363 ΙΙΙ)
476 3299 615 3349 Festum
639 3316 816 3350 sacrarum
849 3302 1007 3367 quinque
1036 3302 1167 3367 plagu-

100 3381 168 3416 rum
194 3369 222 3417 in
250 3367 322 3423 doen.
349 3366 457 3418 Veneto
483 3368 572 3417 statim
602 3378 664 3435 post
688 3365 816 3420 Octavam
841 3370 962 3436 corporis
993 3366 1107 3432 Christi,
1138 3371 1167 3420 in

101 3430 212 3486 dioecesi
237 3435 364 3487 Linceusi
387 3434 453 3484 ieris
478 3436 526 3485 Vl.
545 3447 607 3502 post
625 3437 739 3488 eineres.
780 3434 840 3500 IV)
862 3437 1000 3486 Festum
1018 3438 1166 3506 spineae

101 3517 248 3555 coronae
266 3503 310 3553 uel
331 3501 422 3554 Coro
432 3521 470 3553 ns
485 3503 643 3569 Domini,
662 3508 690 3555 in
705 3504 811 3557 calend.
826 3502 1060 3566 Halberstndeusi,
1079 3505 1167 3574 Numj·
1239 3506 1246 3517 '

100 3565 222 3639 burgensi
242 3582 269 3623 et
294 3582 398 3622 vetusto
424 3571 498 3622 brev.
524 3572 645 3624 Praedic.
673 3574 720 3624 lV.
741 3575 823 3633 atati,
847 3576 874 3621 in
900 3572 1043 3621 recentiori
1069 3573 1167 3626 Praed.

99 3636 158 3689 vlt.
175 3640 254 3702 Maii,
272 3642 301 3689 iu
314 3639 445 3690 Misnensi
461 3641 492 3688 ll.
507 3639 632 3709 Septbr.‚
650 3644 678 3691 in
692 3642 741 3708 Lg.
757 3654 783 3691 et
797 3640 841 3692 Ca.
856 3641 905 3689 xt.
921 3642 1011 3707 Aug:
1030 3641 1168 3693 Trans-

99 3703 368 3760 latioCoronae.
395 3710 422 3757 ln
439 3706 551 3760 Celend.
574 3710 715 3761 Lineensi:
736 3728 787 3760 nna
802 3727 835 3759 ex
847 3708 919 3758 feriis
933 3704 1168 3824 Quadrapesimne.

100 3772 146 3839 V)
164 3776 300 3827 Festum
320 3775 432 3826 lactei
452 3777 645 3829 salvatoris
665 3781 691 3827 iu
708 3776 868 3831 Culeudario
888 3777 1018 3825 illisnensi
1057 3780 1082 3828 ie
1101 3780 1167 3835 XV„

98 3839 221 3894 lonasrii.
263 3843 324 3907 Vl)
347 3845 483 3894 Festum
508 3846 688 3897 Passionis
718 3845 862 3895 Domini
894 3846 922 3892 in
948 3842 1042 3895 eodem
1066 3843 1170 3913 Calen-

100 3907 173 3963 dario
197 3912 241 3964 die
273 3913 340 3963 XV.
366 3913 538 3964 Novembris.
570 3939 605 3953 -
630 3916 723 3981 Neque
749 3913 821 3963 aliud
846 3911 912 3981 quid
936 3914 987 3962 nisi
1013 3919 1168 3969 memoriam

63 4002 69 4011 ·
99 3975 196 4031 Christi
222 3979 344 4032 crncifixi
375 3982 470 4032 recolit
492 3981 563 4047 Vll)
595 3984 733 4034 Festum
764 3982 988 4033 sanctissimi
1018 3984 1170 4037 Redem-

99 4052 213 4114 ptoris
237 4050 312 4117 quod
330 4050 482 4100 celebratur
506 4053 532 4101 iu
558 4052 688 4102 Douniuio
715 4053 819 4102 Veneto
842 4055 917 4100 tertia
942 4051 1087 4105 Dominics
1112 4057 1172 4107 lulii

100 4131 159 4166 cum
173 4115 283 4169 Oetnus.
321 4116 408 4170 Coll.:
429 4120 502 4169 Dens
523 4124 568 4189 qni
590 4122 755 4187 unigenitum
776 4133 848 4169 teunun
862 4117 1058 4187 redemptorem
1077 4124 1170 4175 muuudi

100 4188 280 4251 constituisti,
301 4198 327 4238 et
345 4205 395 4256 per
413 4205 472 4237 enm
491 4186 597 4239 devicta
618 4201 702 4240 morte
723 4207 772 4239 nos
796 4189 1006 4239 nrisericorditer
1030 4190 1064 4241 ad
1089 4195 1172 4244 ritum

100 4255 246 4320 reparasti,
266 4254 400 4320 concede,
422 4266 450 4304 ut
469 4256 534 4307 lineo
552 4255 684 4309 beneficio
702 4258 869 4319 recolentes,
896 4258 946 4307 tibi
970 4272 1099 4328 perpetua
1125 4281 1173 4311 ca·

99 4319 179 4372 ritate
197 4325 343 4376 sdhserere
362 4334 389 4374 et
414 4323 533 4375 eiusdem
552 4327 747 4395 redemptionis
770 4327 885 4379 fructum
909 4330 1050 4395 percipere
1069 4342 1175 4382 merea-

136 4388 248 4445 Dsstsn
266 4393 352 4444 Thes.
373 4393 475 4463 llymn.
500 4392 522 4444 Ι.
575 4453 578 4457 .
925 4396 962 4453 ll
