2809 4850
612 424 673 518 55

107 605 164 667 Ille
186 623 256 683 crgo
278 599 415 664 invitatos
435 600 558 664 confinia
577 601 660 683 petiit
681 602 878 679 occidentalia,

108 690 330 752 commissuros
351 687 459 749 bellam
472 698 571 750 contra
592 688 731 769 quasdam
749 697 851 768 gentes
873 686 932 749 iam
953 686 1063 782 gallica
1081 709 1174 772 regns

109 859 196 936 Quas
216 856 328 919 incolae
349 877 407 918 non
428 856 520 939 ipsios
547 856 715 937 prouincias
743 876 795 937 pec
815 783 1004 920 openlItIIIIIt
1024 876 1172 939 superare.

106 993 242 1073 Cumque
264 1013 317 1072 pec
335 991 537 1073 omnipotentis
557 988 699 1055 auxilium
720 993 761 1053 ita
782 988 840 1052 vim
863 991 970 1052 deleret
992 991 1120 1068 hostium

106 1078 150 1140 Ut
170 1079 206 1142 de
227 1078 355 1140 exercitu
377 1097 476 1139 eornm
498 1076 639 1145 immenso
659 1095 717 1139 non
736 1084 859 1144 restaret
881 1075 981 1138 numos
1001 1077 1090 1144 homo

106 1162 187 1226 Cum
208 1162 277 1223 tanti
300 1162 436 1243 triumphi
458 1161 554 1242 gloria
575 1180 711 1226 reversas
730 1160 810 1223 veuit
830 1162 866 1222 ad
888 1162 989 1222 urban
1010 1161 1151 1231 Pasicles.

105 1296 259 1373 Quotam
280 1315 332 1376 per
352 1296 413 1359 dies
434 1297 544 1375 aliquot
565 1295 720 1359 resedisset
740 1303 769 1357 et
790 1297 825 1358 de
847 1294 970 1357 diversis
991 1297 1173 1364 tractavisset

106 1380 215 1460 Coepit
234 1381 290 1442 hoc
309 1381 394 1443 etiam
417 1391 529 1448 secreta
551 1390 675 1444 tractare
696 1379 923 1460 omnimodisque
942 1379 1099 1462 ¹explorare

106 1465 246 1544 Qualiter
266 1465 376 1529 valeret
395 1486 501 1549 corpas
521 1465 699 1532 sanctissimi
722 1466 851 1532 obtinere
869 1465 1012 1548 Dionysii.

104 1601 156 1666 Ad
177 1600 248 1662 haec
273 1600 353 1662 multi
374 1602 578 1682 respondentes
602 1602 693 1664 multa
715 1620 806 1684 eaque
819 1598 902 1664 uaria
915 1602 1021 1664 deleant
1042 1591 1174 1677 consilis}
1268 1589 1276 1602 ’

108 1685 170 1747 Sed
190 1694 335 1766 postremo
357 1687 473 1768 qnidam
494 1720 789 1736 -----

356 1881 427 1950 nv.
474 1891 529 1956 ns
547 1890 584 1956 s,
605 1887 725 1956 caeses
745 1847 816 1973 Aa
838 1886 932 1974 (se.)

196 2008 296 2071 Gaude
318 2008 427 2073 Christi
451 2028 575 2091 sponsa,
597 2009 681 2091 virgo
705 2019 797 2071 mater
817 1976 941 2069 ecelesia
961 2018 1014 2074 eto.

563 2127 708 2141 ...ι-.-

192 2194 273 2258 Nihil
301 2194 331 2257 in
358 2197 414 2259 lucc
433 2194 560 2256 momine
581 2194 690 2275 legitur
711 2195 746 2254 de
771 2193 931 2274 Hispanico
952 2192 1048 2256 laconi
1071 2192 1172 2256 itinere

105 2280 159 2343 vet
181 2281 215 2340 de
235 2283 348 2343 ossibus
363 2279 432 2342 eius
445 2279 672 2360 compostellam
687 2278 845 2343 translatis.
888 2279 1016 2342 Ultimae
1037 2279 1173 2359 strophae
1307 2285 1321 2304 ⁸

106 2365 284 2428 montionem
318 2364 448 2428 inliciant
469 2364 500 2432 S.
529 2362 732 2445 christophori
760 2362 805 2426 M.
835 2384 918 2444 quem
948 2383 1174 2428 commemorare

105 2450 243 2514 solebant
268 2469 303 2512 oc
323 2451 416 2512 soleat
438 2448 571 2512 catholici
593 2451 727 2513 homiues
755 2448 820 2529 ipsa
838 2450 894 2515 hae
914 2450 1038 2531 apostoli
1061 2449 1174 2513 testivi—
1273 2462 1278 2477 ’

107 2545 170 2598 tate
189 2536 227 2602 et.
248 2535 286 2598 Η.
310 2534 491 2598 CCCXLIX.
886 2520 891 2557 ¹

276 2730 363 2799 LVI.
405 2739 449 2802 Ic
472 2740 602 2806 θοταυα
622 2737 833 2801 Natiuitatis
853 2737 1003 2800 Domini.

196 2856 295 2919 Gaude
316 2857 415 2919 Maria
435 2856 520 2936 virgo
541 2855 597 2919 Dei
618 2856 747 2939 putem
776 2877 849 2938 quae
877 2855 1031 2939 promissis
1051 2855 1175 2920 Gabrie-

109 2943 151 3005 lis
172 2962 225 3023 spe
245 2943 348 3004 devota
369 2941 513 3005 credidisti
534 2953 589 3004 etc.

329 3136 433 3204 LVII.
481 3144 526 3208 Is
549 3144 676 3209 Octaao
694 3142 849 3228 paschali
868 3145 957 3228 (Pr.)

196 3264 277 3326 Ilaec
296 3276 340 3327 est
361 3273 462 3327 sanata
483 3263 664 3326 sollemnitas
684 3263 910 3327 sollemnitatum
931 3273 985 3331 eto.

336 3459 458 3527 LVIII.
507 3464 611 3528 Ferio
637 3466 749 3529 Semta
776 3469 811 3526 in
830 3463 941 3527 Albis.

200 3587 229 3649 ls
251 3588 298 3669 qni
320 3587 402 3669 prius
423 3584 554 3649 habitum
571 3584 672 3646 mortis
694 3582 786 3645 induit
806 3593 860 3646 etc.

355 3782 443 3849 LIX.
486 3789 529 3851 Im
556 3787 684 3851 Octavo
714 3784 933 3889 Epiphaniae.

198 3910 256 3973 lsts
278 3910 342 3975 dies
364 3908 487 3972 celebris
507 3916 619 3970 constat
640 3916 693 3969 cte.

177 4206 183 4221 ,
266 4103 339 4175 Lx.
381 4111 559 4177 Dominicis
583 4126 658 4197 post
687 4111 843 4175 Octavum
865 4104 1028 4172 Paschae.
1124 4078 1130 4091 I

70 4324 75 4329 Ι
197 4233 325 4299 Iudicem
342 4252 396 4295 nos
417 4229 636 4313 inspicientem,
657 4241 758 4315 crypta
779 4229 875 4291 cordis
897 4229 1048 4293 simmam
1070 4235 1123 4309 etc.¹
