2809 4850
610 439 705 519 168

400 652 599 725 CXXXVII.
620 658 723 724 Des.
744 659 910 731 deuorato.

392 798 481 861 Salve
498 800 637 879 splendor
658 801 829 866 firmamenti

392 889 468 946 Arca
490 888 615 981 caudens
637 889 817 953 documentis
839 906 892 958 etc.
997 962 1000 977 Ι

574 1046 725 1059 ...η-...ῳ-

230 1117 300 1184 cod.
320 1118 364 1181 Μ.
388 1120 437 1188 10.

353 1381 577 1455 CXXXVIII.
602 1391 658 1454 De
677 1392 712 1462 S.
734 1388 928 1466 Laurentio.

190 1528 217 1588 1.
240 1523 322 1588 Stolu
344 1526 524 1592 iocunditatis
545 1531 674 1596 alleluia.

184 1626 214 1688 2.
238 1626 330 1690 Induit
350 1629 435 1691 hodie
456 1630 590 1694 domiuus
615 1634 734 1697 militem
756 1657 842 1700 suum
866 1642 1064 1712 Laurentium.

187 1731 218 1791 3.
240 1728 331 1790 Solito
355 1712 471 1810 claudat
492 1733 618 1794 alacrior
639 1736 738 1797 concio
761 1739 835 1801 taeta
858 1742 993 1809 tidotioo.

185 1832 215 1894 4.
236 1829 330 1917 Hodie
351 1843 461 1912 martyr
483 1833 607 1914 insignus
628 1837 752 1900 hostiam
774 1840 836 1902 ltoo
860 1845 1017 1924 placentem
1047 1856 1158 1923 obtolit.

186 1933 216 1996 5.
239 1930 332 1993 Hodie
353 1944 523 1996 tormooton
546 1937 623 2015 iguis
645 1940 775 2017 gruritcr
795 1947 976 2011 examinatus
997 1958 1126 2034 pertulit.

109 2088 113 2093 .
183 2034 212 2096 6.
233 2032 385 2096 Animatus
406 2036 441 2094 ad
464 2050 608 2098 certamen
631 2043 739 2100 monitu
776 2042 852 2103 denti
876 2048 924 2110 uis

185 2135 215 2197 7.
238 2133 427 2199 Gravissimis
448 2157 506 2198 nou
528 2139 634 2219 refugit
655 2141 793 2204 crhilrerc
814 2153 943 2213 membra
965 2158 1075 2235 poeuis.
1175 2154 1180 2164 “

13 2255 14 2258 “
120 2233 152 2299 8.
164 2237 238 2297 Auta
261 2257 362 2316 regem
381 2238 540 2301 accersitur
673 2242 703 2304 9·
719 2241 841 2306 Lffliiiffl'
864 2250 1048 2335 Vstllflfflmr

163 2320 202 2381 Et
218 2322 252 2379 do
275 2323 360 2383 relius
379 2325 548 2385 convenitur
715 2326 753 2387 Et
774 2329 892 2394 Lcuitao
914 2338 998 2421 largo
1020 2365 1123 2410 manus

165 2403 292 2466 Occultis
315 2403 462 2469 ecclesiae.
713 2408 790 2474 Dum
814 2420 883 2495 petit
905 2421 1046 2491 indutias:

125 2531 127 2536 ·
164 2488 221 2550 Sed
243 2509 301 2551 nou
323 2492 397 2551 cedit
419 2493 630 2575 ltlnudImeutis,
715 2496 773 2558 Dat
792 2503 926 2567 mirrlstro
948 2515 1077 2576 caritatis
1135 2535 1138 2540 ·

162 2574 321 2636 Emollitur
338 2576 414 2636 lrnod
438 2580 587 2640 tormentis
714 2582 894 2663 Pauperibus
915 2604 1100 2679 cougregatis

163 2659 237 2720 Eius
258 2657 407 2726 auaritiae.
715 2666 897 2738 Facultatum
920 2685 1029 2761 copias.

121 2795 172 2861 10.
188 2795 270 2855 Furit
294 2794 383 2874 igitur
405 2796 566 2876 praelectus
674 2803 724 2866 ll.
739 2801 829 2868 Sodat
850 2825 962 2896 marty.-
984 2817 1013 2878 ῑΙι
1034 2841 1130 2901 agone
1155 2803 1165 2825 .

186 2880 223 2941 Et
245 2891 362 2957 paratur
390 2883 495 2943 ardeus
521 2882 629 2946 lectus:
734 2886 794 2967 Sue
813 2901 952 2961 mercedis
975 2914 1002 2962 et
1022 2923 1146 2976 corum

183 2964 349 3032 Insultautis
371 2967 484 3027 viscera
733 2973 815 3047 Quae
837 2980 921 3043 dutur
941 2985 1072 3053 lidelilrus

184 3047 286 3109 Crates
309 3050 364 3109 urit
384 3071 499 3131 aspera.
580 3119 585 3130 ,
734 3057 792 3119 Pro
812 3059 929 3129 Christo
951 3080 1134 3145 oeruuutos.

164 3152 213 3214 12.
235 3151 279 3211 Do
302 3150 384 3211 culus
405 3151 507 3213 militia
527 3154 599 3215 cooli
622 3158 728 3236 gaudet
749 3160 839 3240 curin,

163 3252 212 3316 13.
236 3251 312 3329 Quia
333 3252 401 3314 vicit
421 3254 506 3314 ludio
528 3257 674 3320 ministros
695 3260 848 3339 nequitiae.

401 3374 450 3435 14.
473 3370 512 3432 Ut
533 3373 611 3435 huno
632 3397 703 3456 ergo
724 3398 776 3457 per
799 3392 952 3458 patronum

472 3455 690 3536 consequamur
712 3464 787 3522 vitoe
809 3464 930 3546 douom,

472 3539 502 3598 lu
526 3539 604 3606 illius
624 3546 669 3603 dio
689 3545 764 3607 lusto

472 3622 587 3686 Chorus
608 3639 708 3689 noster
722 3629 814 3693 laetus
833 3648 908 3699 esto.
953 3661 963 3670 ‘

472 3708 624 3773 loeuudum
650 3714 679 3774 iu
701 3715 826 3778 eeclesia

470 3791 637 3860 Deo-nutans
656 3799 777 3861 alleluia
795 3804 924 3874 alleluia.

576 3948 722 3961 ...ι-ι-
771 3953 780 3966 ἢ

222 4042 303 4105 Ilaec
324 4042 432 4119 Prusa,
474 4067 559 4125 quum
577 4047 607 4110 iu
629 4052 775 4114 nonnullis
796 4062 1030 4137 septentrionalis
1050 4071 1176 4143 Germa.

117 4128 184 4187 niae
205 4129 387 4190 dioecesibus
407 4128 436 4189 iu
450 4129 481 4196 S.
500 4132 648 4195 Laurentii
671 4137 810 4202 honorem
830 4146 890 4205 scio
912 4150 1099 4238 decantatam,
1120 4166 1176 4230 hou

118 4212 181 4272 loco
201 4215 302 4293 posui,
324 4213 457 4293 quoniam
473 4226 566 4279 utrum
581 4221 784 4287 vetustioribus
796 4245 834 4289 au
856 4232 1062 4304 recentioribus
1083 4250 1176 4313 aduu-

115 4301 254 4360 merauda
274 4300 312 4363 sit
342 4297 420 4360 haud
452 4301 539 4363 laoile
568 4304 606 4366 sic
631 4305 802 4377 diiudicata.
838 4313 966 4382 Multum
995 4327 1072 4391 cuim
1097 4334 1174 4397 lralc

903 4437 979 4502 11*
