2809 4850
651 318 712 391 87

138 492 207 556 niae
228 501 315 574 atque
334 493 461 575 Angliae
483 492 572 556 libros
587 492 752 556 Cassandro
780 497 817 556 al
838 514 941 557 manns
962 495 1069 576 luisse,
1090 512 1157 561 earu
1177 458 1233 559 in.

140 578 280 639 ltulornm
309 577 392 641 libris
419 580 545 660 hymnus
571 579 649 640 haud
678 597 745 640 raro
769 581 940 661 reperiatur.
984 580 1104 643 Verzosi
1131 583 1209 662 apud

140 662 335 724 'l'homaeium
363 665 484 725 eundem
512 664 650 742 hyrnnnnm
680 682 744 725 asso
764 663 949 743 suspicatur,
980 663 1028 743 qui
1056 666 1094 725 ab
1114 668 1208 728 haro-

141 745 220 807 liano
233 746 369 828 episcopo
383 746 415 810 iu
428 747 532 827 regula
552 767 606 808 sua
627 747 739 810 citatur.
781 748 814 808 Si
829 749 970 811 rationem
983 749 1120 811 habueris
1140 765 1208 812 rer·

139 850 241 911 suurn³
256 849 328 911 quae
356 831 379 894 l.
404 830 563 894 Grimmias
589 831 702 912 primae
724 851 762 892 ex
785 833 847 896 coa.
869 833 904 895 Ο.
931 831 1065 914 protulit,
1092 841 1209 913 poetam

138 916 247 976 laetum
276 914 420 994 paschatis
449 916 610 977 celebrasse
638 915 688 976 vix
718 934 753 976 ao
778 936 815 976 ne
842 915 895 977 rix
934 916 1049 992 quictem
1082 915 1207 996 putabis.

139 999 278 1084 Spectant
300 1002 398 1062 omnia
420 1001 455 1060 aa
476 999 651 1068 Matutinurn
672 1018 764 1080 nequa
785 1002 822 1062 ab
844 1002 900 1061 hoo
927 999 1022 1061 officio
1044 999 1142 1062 aliena
1161 1021 1209 1062 ro·

137 1082 315 1161 demptionis
337 1106 389 1165 por
415 1085 512 1146 losum
533 1082 682 1146 Christum
704 1097 837 1164 peractae
865 1085 1026 1145 accuratior
1053 1083 1207 1148 enarratio.

140 1167 256 1228 'l'amen
278 1158 333 1229 hoc
355 1170 472 1246 damas,
500 1167 560 1229 iam
585 1170 661 1251 apul
690 1176 803 1231 ueteres
828 1177 891 1230 octo
913 1169 1048 1249 strophas
1068 1168 1208 1230 carminis
1266 1205 1268 1214 ι

139 1252 252 1330 prunas
276 1254 443 1330 paschalem
465 1252 596 1314 ellecissc
617 1253 773 1332 hymnum:
793 1254 828 1314 ola
851 1271 908 1332 qna
921 1265 969 1330 re',
990 1272 1027 1313 no
1050 1253 1146 1314 (licam
1172 1255 1208 1313 do

139 1334 394 1416 inscriptionibus,
416 1336 491 1399 nibil
503 1338 657 1399 admodum
669 1347 802 1416 superest
821 1336 1004 1398 dubitationis
1017 1347 1135 1417 propter
1155 1337 1208 1396 ‹lo-

138 1420 278 1499 xologias
300 1422 470 1501 paschales,
491 1421 612 1482 carmini
633 1438 774 1484 annexas.
817 1422 902 1483 Brer.
917 1422 1082 1483 Romanurn
1103 1431 1134 1483 nt
1154 1421 1209 1483 bo·

137 1503 188 1565 aie
205 1514 265 1581 cst,
286 1505 385 1567 electis
399 1506 516 1587 strophe
535 1505 657 1585 prirna,.
670 1507 812 1584 secunda,
832 1506 932 1584 tertia,
954 1514 1053 1584 sexta,
1074 1505 1208 1587 septima,

23 1639 31 1651 .
138 1598 242 1650 odana
270 1591 432 1669 composuit
457 1610 573 1652 carmen
603 1590 755 1670 paschale,
786 1589 963 1652 recitandum
991 1589 1143 1650 Dominica
1178 1588 1209 1649 iu

137 1671 223 1734 allis
244 1673 281 1733 al
303 1675 478 1744 Matutinum
500 1685 528 1736 et
548 1682 605 1736 toto
627 1682 755 1752 tempore
777 1674 907 1755 paschali
929 1694 1019 1754 nsque
1041 1675 1077 1736 acl
1098 1673 1210 1736 hecen-

137 1755 263 1818 eionem.
285 1794 329 1807 -
352 1763 380 1828 l,
400 1760 488 1824 Fau.
520 1778 537 1824 o
566 1778 646 1837 rex,
674 1757 777 1838 reliqui
805 1779 863 1821 om.
893 1757 1127 1821 interiectionem.
1175 1756 1209 1820 Si

140 1839 276 1906 insolitae
298 1863 369 1941 erga
382 1843 547 1906 Fabricium
570 1843 770 1904 olnsoruantiae
784 1843 908 1923 requiris
930 1861 1065 1922 causam,
1086 1852 1210 1904 motuum

134 1925 279 1988 carminis
300 1927 349 1989 tim
371 1927 400 1988 in
422 1939 547 1990 mentem
574 1931 679 1989 ventat.
720 1928 819 2007 Neque
848 1927 876 1988 inl
904 1946 1049 2008 opponas,
1077 1947 1124 1988 me
1149 1945 1211 1988 me-

137 2010 232 2071 tricas
260 2011 343 2092 legas
370 2016 446 2092 apud
476 2023 576 2093 poetas
605 2010 778 2073 christianos
805 2011 879 2073 alias
909 2012 1080 2090 saepissime
1108 2010 1212 2088 negle-

140 2103 204 2155 ctas
225 2107 411 2176 conquestum
433 2117 508 2160 esse.
549 2096 692 2167 Probatur
713 2095 791 2156 cuim
811 2094 906 2157 Benlae
928 2094 1107 2171 testimonio,
1134 2094 1211 2154 horne

137 2177 280 2256 hymnum
302 2189 412 2252 „instar
435 2191 540 2239 iambici
564 2189 638 2237 ructui
662 2186 831 2252 pulcherrume
852 2185 956 2247 factum
979 2184 1060 2236 esse.“
1094 2175 1212 2240 Accedii

51 2293 57 2297 -
138 2262 233 2324 altera
254 2283 359 2342 causa,
389 2265 463 2343 qnod
491 2262 602 2325 librarii
631 2263 666 2322 aa
694 2261 837 2323 scribendi
868 2261 1013 2323 licentiam
1032 2262 1104 2324 adeo
1127 2259 1211 2321 liberi

139 2346 272 2427 fuorunt,
302 2357 333 2414 ut
361 2357 536 2410 commatum
563 2346 654 2408 initiis
674 2346 817 2408 internum
837 2346 884 2407 uel
906 2346 1017 2409 littoras
1039 2346 1130 2407 otiose
1158 2363 1212 2424 ap-

141 2430 295 2512 pingerent
308 2431 354 2493 rel
369 2433 455 2495 etiam
468 2435 623 2497 demerent.
667 2432 731 2495 Stat
750 2440 882 2495 anostra
895 2431 1038 2495 sententia
1048 2432 1157 2493 Santcn
1172 2430 1209 2490 ael

140 2515 261 2584 Terenl.
285 2539 312 2598 p.
335 2517 411 2582 186:
441 2525 531 2575 malim
554 2544 610 2575 cam
637 2525 791 2591 Hieronymo
815 2543 865 2573 van
887 2524 991 2592 Alphea
1014 2526 1210 2574 interiectionem

144 2599 239 2658 athalere
256 2630 270 2660 o
286 2601 354 2663 rex.
381 2619 487 2659 accentu
511 2607 603 2657 rectius
628 2618 729 2656 servato
753 2607 912 2659 acutule-ctos
929 2612 1091 2660 constituens.
1126 2598 1211 2675 Quali

145 2681 175 2747 ia
208 2683 407 2765 superioribus
441 2682 551 2745 notarit
576 2682 716 2745 ulinuetros
749 2685 930 2748 catalecticos
957 2686 1049 2763 ellici,
1087 2682 1210 2762 legendo
1259 2712 1262 2715 ·
1370 2692 1379 2703 '

140 2767 309 2845 „omnium
324 2768 451 2844 saecula,
466 2767 569 2829 hlius“
582 2767 694 2828 duabus
703 2768 844 2850 syllabis,
864 2770 894 2832 in
908 2778 1006 2832 nostro
1017 2769 1143 2831 carmine
1156 2766 1210 2826 mi·

142 2851 222 2915 aime
253 2852 347 2930 salet,
376 2853 477 2934 procul
504 2849 589 2915 durlrio
617 2851 812 2915 acatalectico.
861 2855 891 2917 3.
913 2855 948 2917 0.
971 2877 986 2932 q
997 2856 1030 2916 ui
1059 2873 1098 2914 es
1125 2860 1210 2913 ante

145 2953 245 2998 saer.
267 2936 353 3000 Cass.
373 2936 434 3000 llil.
455 2956 495 2998 es
518 2944 561 2998 et.
606 2937 657 2997 lo.
679 2935 784 2999 thom.
805 2946 848 3000 et.
890 2938 943 3001 21.
964 2939 1052 3001 Fabr.
1075 2937 1210 3016 quique

145 3019 265 3084 nobis.
307 3021 414 3083 Thom.
434 3018 1211 3103 perbaptismata,reliquiperbaptismam.
1259 3044 1262 3051 ¹

144 3103 293 3173 bii-⁹64.
314 3105 395 3167 solus
416 3106 478 3167 coel.
498 3105 534 3168 Ο.
553 3103 686 3167 eontinet.
707 3105 855 3170 29-32.
879 3105 1108 3182 Matthlllllll,
1122 3105 1212 3166 51-

143 3188 195 3251 53.
214 3210 237 3246 et
257 3197 337 3248 velum
356 3197 445 3264 templi
459 3199 565 3247 scissum
582 3209 617 3247 cst
637 3230 681 3246 ...
700 3209 724 3246 et
742 3209 810 3246 terra
822 3211 892 3248 mota
912 3212 947 3249 est
966 3235 989 3249 ..
1008 3211 1031 3247 et
1051 3198 1134 3249 multa
1154 3216 1213 3246 cor-

141 3299 206 3347 pora
229 3295 376 3333 aarrclarum
403 3283 447 3347 quei
466 3283 621 3330 dormierant
645 3294 842 3331 resurrexerunt.
861 3275 904 3339 45
926 3296 988 3355 sqq.
1008 3274 1214 3336 Forla‘tSSB‘hiG

142 3355 243 3441 incipit
270 3360 397 3441 hynnnns
423 3357 559 3437 proprius
587 3358 622 3418 ad
651 3357 840 3420 Nocttunum.
888 3360 940 3423 49.
963 3358 1122 3420 Grimnnius
1151 3357 1213 3418 rub

143 3440 218 3525 legi:
267 3442 355 3525 qnia
400 3450 437 3504 tu
479 3439 560 3521 ipso
604 3441 718 3504 index
761 3462 815 3520 es,
865 3462 1037 3522 quamquam
1071 3442 1213 3519 interpres

142 3528 300 3592 theotiscus
329 3528 403 3588 haee
430 3525 518 3587 habat
545 3526 674 3586 thanta
709 3526 753 3586 dn
782 3527 889 3587 selbo
915 3524 1107 3586 urehunclo
1141 3524 1213 3585 inti

143 3610 300 3674 sunauari
323 3611 416 3692 pist:
443 3609 535 3670 uoluit
562 3609 597 3673 v.
622 3609 660 3671 D.
689 3620 780 3670 metro
809 3610 950 3681 medelam
972 3608 1087 3672 allerre.
1129 3608 1213 3685 Quae

143 3706 240 3758 tamon
253 3694 351 3758 verbis
364 3705 466 3774 poetae
488 3692 609 3771 integris
623 3693 741 3758 minime
753 3713 827 3771 opus
848 3702 900 3757 est.
944 3693 1020 3754 Nam
1043 3692 1128 3773 qnia
1148 3712 1214 3755 sae-

142 3781 265 3863 pissime
299 3781 376 3860 apual
404 3782 505 3857 po'c'tas
532 3777 652 3847 serioris
691 3777 795 3839 aetatis
830 3788 874 3838 ost
910 3778 1141 3858 monosyllabum
1176 3778 1215 3839 ol.

141 3866 243 3932 Barth.
265 3864 301 3925 aa
324 3862 443 3943 Coripp.
464 3863 499 3922 do
521 3862 598 3923 laud.
620 3862 689 3925 locst.
709 3862 753 3940 ll,
775 3860 846 3924 109.
886 3863 940 3927 53.
960 3861 1121 3943 luterpres:
1148 3862 1214 3924 tha

142 3967 325 4009 nnserero
359 3945 525 4027 praello,
561 3945 610 4006 scel
642 3967 694 4026 pro
730 3955 923 4028 pectorum
958 3957 1043 4029 pocta
1062 3944 1215 4027 scripsisse

141 4033 258 4111 uidetur
278 4040 534 4113 peccatorum,
561 4040 591 4089 nt
613 4029 720 4091 existat
741 4049 843 4093 uorsus
865 4030 936 4092 eatis
958 4033 1140 4108 salebrosas,
1172 4038 1217 4091 ta-

143 4136 212 4181 men
230 4126 293 4179 octo
308 4116 429 4198 syllabis
444 4113 621 4195 compositus
634 4115 671 4178 cl.
684 4116 743 4193 21,
764 4114 816 4179 47.
851 4116 903 4178 59.
915 4116 1054 4179 sortasse:
1074 4126 1160 4176 tune
1173 4122 1216 4176 et.

542 4264 651 4275 na—-m
656 4268 668 4274 m
712 4270 721 4274 -
767 4268 840 4277 m...-
