2809 4850
620 407 682 510 θῇ
799 411 802 420 “

112 589 272 657 17.Anota
292 606 404 668 quoquo
662 583 720 652 20.
736 584 786 647 isti
808 585 885 648 enim
941 625 947 637 ·

177 674 227 735 Ex
248 673 349 735 favore
734 671 768 732 iu
789 689 883 752 agone
984 691 988 696 ·

175 759 230 820 Est
251 757 402 836 praecelso
734 757 795 836 Spe
817 754 959 818 mercedis
1075 765 1078 782 ¹

179 845 218 905 tn
238 844 349 905 honoro
733 841 773 904 Et
792 858 915 900 roronno

178 927 350 1008 Horisipolis
735 926 908 986 Sorriorunt
1018 965 1023 1006 Α.

179 1011 293 1075 Civitas
314 1032 390 1074 nano
668 1035 672 1042 ’
735 1009 885 1073 Trinitati.

176 1097 306 1161 Eximio.
434 1107 441 1124 '
779 1175 781 1181 k

116 1234 168 1299 18.
183 1231 346 1314 Sanguinis
367 1250 491 1312 namque
671 1233 726 1296 21.
739 1228 794 1291 Cui
817 1241 846 1294 et
866 1244 921 1291 nus

181 1316 333 1382 Effusiuno
380 1339 404 1374 a·
734 1313 914 1390 Serviendo,

180 1402 221 1464 Et
239 1404 295 1465 hon
316 1402 380 1463 loeo
735 1401 866 1476 Laudes,
889 1419 991 1477 preces

178 1487 354 1567 Sequitnrae
620 1517 624 1532 =
737 1485 917 1546 Effuudrndo

181 1572 323 1651 (Horum)
343 1571 397 1633 Est
418 1569 531 1634 iamosa
735 1570 811 1632 Eius
831 1567 923 1630 mirae

181 1657 219 1719 Bt
240 1658 384 1719 desorata.
736 1653 873 1717 Bonitati.
923 1666 925 1670 ’

117 1794 171 1858 19.
187 1792 418 1871 Triumphantes
671 1790 725 1853 22.
742 1789 908 1851 Exoremus

180 1879 263 1959 Ergo
286 1878 365 1946 viras
738 1875 831 1936 lionis
853 1874 916 1935 eius

180 1962 340 2025 ww
737 1960 986 2021 Mmms

180 2049 245 2116 Hos
264 2060 324 2111 tres
345 2047 435 2109 miros
706 2063 710 2074 ·
735 2043 794 2131 His
817 2043 948 2123 patronis
1034 2097 1037 2110 ,

180 2132 264 2197 Haeo
285 2144 313 2196 ot
334 2143 394 2194 tota
633 2139 639 2160 '
738 2130 891 2191 Combeari

180 2218 303 2282 Reooist
322 2217 454 2281 eeclesia.
736 2215 774 2275 Et
795 2213 902 2280 seriari

735 2299 768 2360 lu
788 2310 907 2360 aeterna
928 2299 1036 2400 reqqrie.

204 2559 288 2622 Hane
308 2558 494 2637 Sequentiam
516 2568 543 2620 et
565 2578 653 2621 sensu
680 2569 708 2621 ot
736 2514 899 2641 rlmthmira
926 2557 1114 2638 dispositione
1143 2571 1189 2623 sat

117 2643 267 2708 difficilem
285 2644 404 2724 dignam
426 2663 564 2705 reuertere
578 2664 665 2724 quam
687 2644 845 2707 lectoribus
857 2645 1102 2706 communicarent
1116 2645 1188 2708 Boi·

118 2729 264 2792 landistae
285 2750 349 2807 „ex
372 2728 567 2791 vetustissimo
589 2728 700 2791 missnii
722 2731 796 2809 qnod
820 2730 916 2791 iorma
937 2729 1086 2792 litemrum
1108 2733 1189 2792 Tau·
1298 2742 1300 2751 ⁴

118 2815 280 2877 tdtriearnm
300 2835 352 2875 seu
374 2813 564 2876 Gothiearnm
585 2815 784 2894 antiquitatem
805 2836 864 2877 non
885 2816 1027 2876 modicam
1048 2817 1189 2882 udonem

117 2906 199 2975 (Aet.
227 2898 260 2964 S.
282 2899 336 2963 lul.
358 2898 400 2977 ΙΙ,
429 2921 458 2981 p.
479 2894 567 2979 608).
615 2901 699 2977 Quod
729 2899 925 2963 testimoniata
951 2920 998 2962 me
1026 2902 1132 2980 morit,
1159 2908 1190 2963 ut

117 2984 237 3050 merulo
270 2984 438 3046 duodecimo
474 2984 577 3047 saitem
606 2984 817 3065 adsignandam
852 3005 918 3047 esse
953 2986 1090 3064 opinatus
1122 2985 1191 3050 sim.

116 3069 229 3151 Recepi
250 3089 320 3133 vero
340 3070 397 3131 non
416 3070 512 3132 solum
533 3071 569 3130 oh
591 3074 781 3134 reverentiam
805 3071 880 3132 beati
901 3070 1030 3146 Kotinai,
1057 3073 1114 3134 hoe
1141 3071 1190 3152 qui
1263 3125 1269 3135 .

117 3154 229 3218 luditur
244 3162 319 3217 anuo
334 3154 476 3235 singulari
500 3162 527 3216 et
547 3152 689 3218 saeculari
713 3156 869 3219 iestiritote
891 3155 1044 3234 celebrati,
1064 3158 1115 3218 sed
1137 3158 1192 3218 dn·

118 3252 186 3305 etus
206 3241 293 3302 etiam
314 3239 390 3301 mim
411 3239 550 3302 carminis
572 3241 758 3319 oeconomia,
790 3241 995 3304 sententiarum
1017 3241 1191 3302 obscuritate

20 3386 22 3395 ,
118 3337 214 3390 metro
239 3343 259 3385 a
286 3324 463 3405 reliquarum
490 3324 704 3405 sequentiarum
733 3347 814 3388 more
847 3326 924 3387 houd
960 3343 1063 3403 parum
1083 3326 1193 3388 alieno.¹

119 3411 155 3474 ln
189 3410 344 3473 auxilium·
361 3409 462 3473 vocari
492 3410 583 3471 libros
611 3410 751 3471 ecciesiae
778 3409 1013 3488 Numbnrgeusis
1045 3426 1080 3470 ao
1102 3410 1192 3472 Pata·

119 3495 248 3569 niensis,
266 3494 340 3557 illud
362 3496 388 3558 h.
409 3494 521 3556 Kiiiani
543 3497 730 3575 praeconium
758 3495 788 3556 iu
810 3492 965 3555 festivitate
987 3493 1116 3556 eiusdem
1138 3514 1192 3559 ex·

120 3581 266 3643 hibentes.
306 3578 503 3641 Veruntamen
528 3599 645 3657 rorerrr,
677 3600 714 3639 ne
735 3590 832 3640 textus
854 3578 992 3639 carminis
1010 3579 1105 3641 adhuc
1126 3599 1189 3642 soa·

121 3674 181 3727 teat
201 3664 390 3742 corruptelis,
417 3684 471 3725 neo
491 3664 523 3726 in
543 3664 737 3746 stropharum
758 3662 944 3741 formatione,
973 3683 1137 3744 quanquam
1160 3664 1191 3726 in

121 3748 223 3815 maltis
244 3749 318 3810 loeis
340 3751 525 3812 vehementer
544 3749 665 3826 sudavi,
689 3749 753 3827 ipse
777 3747 848 3811 mihi
869 3748 1027 3811 satisiorio.
1072 3750 1193 3812 Videant

120 3834 174 3898 alii
196 3835 264 3912 quid
287 3835 316 3895 iu
339 3835 460 3913 spinoso
481 3854 582 3915 eampo
605 3834 657 3895 iiio
680 3833 840 3914 prodrinnt.
861 3866 902 3880 -
931 3834 962 3896 l.
981 3833 1026 3895 De
1047 3833 1193 3896 Trinitate

120 3921 152 3982 in
173 3919 302 3981 carmine
324 3940 420 3980 sermo
443 3918 474 3981 fit
495 3920 581 3999 qnia,
602 3929 640 3980 ‚ut
662 3919 703 3979 ita
731 3919 825 3979 diram
846 3915 962 3979 trinitas
983 3919 1193 3999 apostolorum,

124 4004 297 4079 Kiiianos„
311 4003 469 4065 Colonatus
497 4015 525 4065 et
553 4005 706 4065 Totrrauns
732 4003 925 4065 Frauoouiam
954 4003 1099 4085 euangelii
1128 4005 1192 4067 luno

121 4088 315 4151 doliusit'avii.
365 4089 396 4150 3.
417 4088 527 4170 Hymn.
549 4089 689 4166 xxviii,
712 4086 859 4152 16-20.
895 4102 953 4151 Hoc
977 4114 999 4151 et
1018 4104 1106 4154 beatus
1124 4116 1192 4152 tem-

119 4195 182 4246 pore
196 4178 365 4226 Abrnlramua
376 4175 600 4239 fideliterPerr'trm
621 4179 648 4227 in
669 4180 784 4244 mysterio
806 4177 870 4227 Trea
885 4179 965 4239 vidit,
985 4198 1063 4228 urtam
1076 4180 1194 4229 credidit.

122 4246 154 4307 6.
186 4242 239 4307 tto.
270 4244 312 4310 Pt.
341 4233 503 4306 T'hairor.
553 4244 598 4307 Pt.
619 4243 867 4307 transivisse.
911 4244 996 4306 Hono
1022 4244 1194 4322 oiausniam,

122 4330 249 4394 formose
279 4349 398 4410 prorsus
433 4328 568 4394 vitiosam
601 4328 641 4393 ita
669 4328 817 4413 intelligo:
850 4331 1035 4394 Airahemns
1065 4350 1117 4413 per
1136 4338 1194 4390 tres
1229 4346 1232 4357 ¹
