2809 4850
709 347 773 424 88

324 677 379 739 De
404 678 441 743 S.
468 679 575 747 Lucu.
617 680 708 764 (Ata
734 679 790 741 Dc
809 677 871 743 88.
891 676 1147 760 Euangeliotr'o.)

204 797 231 859 l.
247 794 357 858 Plausn
381 800 488 862 chorus
510 800 700 876 laetabundo,
758 801 788 861 d.
806 798 847 860 Os
865 798 1024 860 humanum
1046 805 1090 859 est
1109 794 1255 858 Matthaei

244 879 308 944 Hos
319 883 433 946 attollat
455 905 507 968 per
523 886 715 966 qnosunuudo
800 884 833 945 ln
854 883 983 945 humana
1004 884 1114 958 fortun,
1135 880 1192 943 Dci

244 963 357 1029 Sonant
377 970 547 1050 cvangelio-2
633 1017 635 1022 ⁴
799 968 943 1029 Diotautis
964 968 1149 1048 prosapiam,

245 1048 323 1116 Yooo
345 1074 466 1131 quarunt
489 1057 571 1118 sadus
592 1055 694 1132 duxit,
801 1052 892 1115 Cuius
913 1072 1007 1133 genas
1029 1054 1072 1114 sio
1092 1049 1220 1113 contexit

244 1133 312 1200 Nox
334 1139 493 1217 praecessit
511 1152 541 1202 ot
560 1140 657 1205 ittnxit
801 1139 885 1214 Quod
907 1157 926 1199 a
943 1137 1039 1218 stirpe
1060 1137 1155 1199 Dauid
1178 1135 1243 1198 exit

245 1217 297 1283 Sol
320 1220 470 1288 illustrans
492 1227 598 1290 omnia
798 1222 858 1286 Per
877 1222 974 1284 arnis
995 1222 1157 1285 untertana.

200 1353 233 1418 2.
245 1351 354 1419 Curam
373 1377 467 1440 agens
487 1362 534 1423 sui
554 1360 657 1442 gregis
756 1359 789 1424 6.
803 1359 907 1422 Rictos
930 1358 1013 1421 boris
1032 1358 1131 1421 Lucae
1153 1358 1241 1418 datur

244 1442 351 1504 Pastor
375 1444 485 1522 bonus,
519 1457 621 1508 auctor
640 1447 716 1527 legis
800 1446 831 1507 ln
854 1463 912 1525 qua
932 1446 1027 1506 forma
1048 1442 1210 1525 liguratur,

245 1525 379 1601 Quutnor
398 1528 536 1594 institnit:
800 1530 886 1608 Nora
906 1527 1044 1591 Christus
1063 1528 1177 1606 hostia3

244 1610 354 1686 Quadri
376 1614 456 1680 ordis
476 1617 513 1676 ad
534 1617 676 1679 medelam
802 1620 864 1677 Ara
883 1614 979 1675 crucis
1000 1624 1168 1676 mansuetos

243 1693 381 1774 Fortunam
406 1697 479 1761 iuris
500 1709 528 1761 et
551 1701 694 1765 cautelam
800 1700 858 1762 Hic
879 1708 1021 1761 mactatur
1040 1698 1084 1760 sic
1104 1709 1132 1759 et
1152 1699 1257 1782 rctusJ

245 1777 304 1842 Per
323 1799 395 1861 qnos
414 1784 502 1846 suridi
524 1786 625 1856 uoluit.
801 1784 922 1850 Transit
943 1783 1136 1847 obseruantia.

203 1911 234 1977 ³.
247 1912 334 1978 Circa
353 1918 450 1982 therua
471 1921 609 2002 gencrale
758 1920 790 1990 7.
806 1920 861 1983 Est
881 1917 975 1982 leonis
996 1919 1138 2000 rugientis

243 1997 340 2062 Habet
361 2003 482 2085 quisque
503 2007 631 2087 speciale
801 2005 904 2067 Marco
925 2004 1023 2068 uultus
1041 2004 1223 2085 resurgentis

244 2082 308 2146 Sidi
331 2087 536 2171 priuilegium
801 2091 868 2168 ero
889 2091 981 2154 uiaret
1000 2090 1143 2172 potentiae

245 2169 328 2245 Quos
353 2172 487 2254 designat
514 2178 545 2237 in
566 2170 708 2257 uroplucta
801 2175 879 2236 Voce
899 2176 993 2256 patris
1015 2175 1171 2238 suscitatus

244 2251 354 2318 Forma
373 2258 467 2338 uirtus
489 2263 669 2332 suddiscretn
801 2259 905 2341 Surgit
926 2259 997 2323 curi
1016 2271 1062 2322 tus
1082 2260 1232 2323 lautomas

245 2336 349 2403 Vultus
368 2344 548 2416 animalium.
801 2344 960 2408 immortali
982 2345 1087 2426 gotia.

204 2472 235 2538 4.
248 2473 365 2541 Pellena
378 2481 484 2544 nudum
501 2494 618 2547 nostrae
631 2485 718 2549 molis
759 2480 790 2546 8.
804 2482 862 2544 His
882 2480 1034 2563 quadrigis
1052 2484 1221 2563 deportatur

246 2557 377 2625 intuetur
395 2564 479 2631 tutor
500 2569 573 2632 solis
802 2567 913 2629 Mundo
934 2566 1032 2643 Deus,
1056 2567 1231 2630 sublimatur

247 2644 370 2710 ioannes
392 2649 422 2711 iu
442 2652 542 2731 aquila
803 2652 870 2716 dstis
890 2671 960 2715 arca
981 2651 1112 2715 vectibus

245 2729 452 2825 Suproooctos
472 2739 540 2799 darn
553 2740 719 2803 conscendit
802 2737 935 2801 Paradisi
954 2739 1028 2800 daec
1048 2737 1157 2799 fluenta

247 2812 321 2876 Srnu
343 2820 435 2896 patris
455 2823 642 2903 deprehendit
803 2822 888 2884 Nora
908 2823 1204 2901 fluuntsacraruenta

245 2897 352 2965 Natum
371 2912 438 2967 auto
459 2909 585 2980 mocula,
803 2908 887 2986 Quae
905 2907 1032 2975 irrorent
1049 2907 1196 2990 gentibus,

450 3043 481 3105 9.
497 3043 563 3107 Nou
584 3055 629 3109 est
650 3048 754 3109 donnus
774 3046 887 3109 ruitura

424 3192 429 3202 ,
464 3164 468 3169 ·
491 3129 557 3197 Hae
574 3132 701 3197 subuxa
723 3132 915 3212 quadratura,

492 3215 575 3281 Haeo
595 3226 640 3279 est
656 3217 760 3280 domus
780 3215 904 3279 domini:

467 3299 642 3364 .Giorietur
662 3301 694 3364 in
714 3303 772 3365 ltao
791 3302 876 3363 domo
995 3296 998 3305 ’

493 3386 561 3462 Qua
582 3388 683 3450 beatus
704 3387 777 3450 ririt
797 3387 901 3467 horno,
1098 3384 1102 3393 '

491 3470 572 3538 Deus
593 3473 709 3536 iuuuus
727 3472 849 3537 homiui.

670 3645 816 3657 -nat———Q

293 3760 337 3822 {du
367 3761 419 3823 tibi
444 3762 567 3827 aiterum
596 3766 700 3829 Adonai
739 3785 855 3829 carmen
883 3763 1110 3847 pulcherrimum
1139 3766 1213 3843 quod
1248 3776 1279 3824 et

207 3839 303 3920 ipsum
325 3844 354 3906 in
376 3848 622 3927 evangelistarum
644 3852 781 3915 laudidus
808 3862 952 3915 cumton.
1001 3846 1092 3912 Cuius
1117 3868 1280 3928 argumen-

207 3934 267 3986 turn
289 3931 342 3992 etsi
364 3931 391 3990 ni
414 3952 500 4011 quant
521 3936 708 3999 exhibuimus
734 3957 838 4017 prosae
865 3936 999 4018 pluribus
1025 3933 1191 3996 nominibus
1218 3954 1278 3995 nou

196 4009 344 4108 'uisimidc
371 4016 409 4077 sit
438 4027 535 4081 tanuen
562 4022 626 4083 eius
655 4032 700 4083 est
729 4022 847 4102 propria
873 4021 992 4085 dulcedo
1014 4030 1099 4099 atque
1121 4019 1279 4099 clogaatia,

207 4115 251 4157 stc
272 4109 375 4173 utnon
390 4120 557 4183 vereamur,
580 4128 615 4166 no
639 4106 703 4185 naris
724 4107 808 4168 noina
830 4106 945 4168 crimini
966 4113 1076 4183 vertat,
1101 4105 1177 4184 quod
1199 4104 1278 4165 huno

208 4181 294 4245 etiarn
309 4187 491 4262 prucadarorn
506 4203 608 4268 poetae
629 4200 746 4252 rantum
768 4193 905 4254 thesauro
926 4202 1026 4253 nostro
1047 4188 1291 4255 interseruimus..

208 4267 408 4335 —Dedimus
429 4290 546 4336 mannen
569 4295 607 4338 ert
631 4275 703 4338 Cod.
731 4277 812 4342 Mon.
836 4276 878 4340 10
896 4287 925 4340 et
951 4278 1038 4340 Miss.
1058 4270 1225 4341 Patariousi
1248 4273 1280 4337 iu
