2809 4850
183 518 443 581 Lacrimarurn
465 517 551 580 riruii
572 539 630 582 uou
652 528 775 601 prosunt
795 520 842 582 rei
863 539 957 600 aquae

183 604 259 666 Cum
279 623 366 666 senes
388 613 415 663 et
438 603 552 682 parvuli
574 624 612 667 ox
635 604 721 686 ptrue
748 623 919 686 unaquaque
1018 605 1020 616 '

183 688 321 752 Timeant
349 689 423 768 quod
444 687 553 749 aemuli
577 701 720 768 quaeruut
741 688 966 771 circumquaque

181 773 220 837 Et
241 773 348 837 iratres
369 771 457 834 lunius
477 773 586 835 saeculi
609 773 727 838 trabum
747 791 962 856 usquequaque.

180 923 253 986 iiia
280 943 352 1004 ergo
373 922 470 1003 dirige
490 925 526 985 ad
550 936 666 989 nostras
687 935 800 988 urentes

126 1063 129 1070 ,
184 1011 279 1088 Atque
301 1008 400 1088 lapsos
422 1008 518 1089 erige,
541 1011 671 1071 couiorta
692 1019 869 1087 trementes,

182 1092 381 1173 Errantesque
402 1094 517 1172 corrige
539 1103 567 1155 tr
586 1094 634 1173 pie
656 1103 829 1175 quaerentes

179 1176 308 1240 Miseros
328 1197 383 1240 nos
403 1177 499 1259 dirigo
520 1176 551 1239 in
572 1187 600 1240 tc
621 1175 809 1245 confidentes.

177 1327 375 1390 advocato
395 1340 496 1391 nostra
517 1347 615 1391 coram
638 1329 785 1392 salvatore
914 1323 917 1334 ’

176 1412 329 1476 Postulans
350 1431 476 1494 propera
497 1424 691 1495 consuetoque
712 1434 793 1475 ruore

174 1497 213 1558 Et
233 1516 287 1577 pro
308 1509 395 1577 geute
417 1498 526 1560 misera
545 1497 670 1578 benigno
693 1499 793 1560 iarors

174 1580 282 1645 Natum
304 1591 385 1645 tunm
407 1581 510 1663 mitiga
531 1592 662 1645 materno
683 1602 793 1645 amore.

175 1733 204 1799 N
212 1741 319 1797 ostra
340 1752 409 1814 spes
431 1731 560 1795 fidelium
579 1752 696 1814 semper
717 1732 773 1793 init
794 1733 861 1796 talis

173 1819 229 1879 Est
250 1825 278 1879 et
300 1817 355 1878 erit
376 1816 505 1879 omnium
527 1825 621 1880 mater
641 1814 814 1896 virginalis,
898 1837 935 1887 ι

174 1900 212 1964 Ut
233 1900 319 1963 nodis
340 1901 520 1981 praesidium
542 1900 645 1964 civitas
665 1898 778 1979 regalis
819 1917 824 1924 “

172 1985 223 2047 Sis
244 1996 330 2067 atquo
351 1987 512 2048 remedium
532 1984 625 2066 pulsis
646 1983 749 2064 procui
772 1985 866 2046 maiis.

169 2136 267 2199 lidos
289 2133 373 2217 pios
393 2136 527 2199 oculos
548 2147 583 2197 ot
604 2133 881 2200 misericordes

169 2221 361 2283 Converte
381 2221 418 2282 ad
441 2220 568 2282 iamnios
590 2219 621 2282 in
643 2221 719 2282 bono
740 2221 888 2284 discordes

169 2306 208 2368 lit
229 2305 396 2369 admodum
417 2303 536 2368 sedulus
558 2303 663 2368 iortius
685 2307 842 2368 concordes

171 2392 297 2456 Nostrae
318 2388 415 2453 camis
436 2388 620 2455 stimulorum
641 2389 741 2454 delens
762 2392 872 2459 sordes.
949 2444 953 2469 ,

105 2540 108 2547 ’
168 2543 353 2605 Etleuam
376 2540 619 2622 unigenitum
641 2541 807 2605 tructu'rn
829 2542 1077 2609 benedictum

169 2629 303 2690 Monstra
324 2625 409 2688 uobis
431 2625 563 2688 inolitum
584 2625 663 2708 pium
685 2637 715 2687 et
734 2646 792 2688 uon
813 2627 927 2706 lictum,

169 2714 228 2776 Per
248 2731 334 2792 quem
355 2731 449 2791 genus
469 2712 612 2791 perditum
632 2729 652 2772 a
673 2712 814 2773 daemone
836 2712 942 2777 victum

167 2797 274 2860 Datum
297 2796 328 2858 in
349 2795 497 2858 interitum
518 2794 626 2859 revixit
646 2794 798 2862 inuictum.

167 2947 321 3012 Ventris
342 2948 398 3010 tui
418 2947 531 3010 viscera
552 2947 648 3008 iesum
670 2955 858 3028 portaverunt

165 3033 204 3101 m
226 3034 310 3095 beata
330 3035 421 3096 ubera
440 3033 537 3114 ipsum
558 3031 754 3109 lactaverunt,

165 3117 220 3179 Cri
243 3117 342 3181 ludaei
363 3117 485 3179 rainero
505 3116 569 3178 dira
589 3115 748 3178 intulerunt

167 3203 206 3266 m
226 3201 322 3282 ipsum
344 3213 410 3284 post
432 3202 554 3264 uerbera
574 3200 654 3263 cruci
674 3201 861 3268 tradiderunt.

167 3352 285 3416 Nobis
306 3358 393 3433 pust
413 3350 482 3412 hoc
501 3347 665 3411 exilium
682 3350 1068 3429 benignumostcudr,

167 3440 265 3501 iesum
286 3446 368 3499 tuum
388 3434 481 3497 fllium
503 3442 532 3494 ct
552 3432 637 3496 uobis
658 3434 792 3513 impende

165 3522 274 3585 Verum
297 3518 488 3602 patrocinium
511 3527 538 3578 et
560 3534 680 3579 ausuum
702 3520 823 3581 extende

167 3607 243 3671 cum
265 3608 301 3670 ad
323 3603 461 3668 indicium
484 3601 594 3665 eriruns
611 3602 745 3669 deiende

167 3760 193 3822 0
211 3757 380 3820 clemens
401 3755 555 3819 clementia
576 3772 708 3816 summae
731 3754 884 3836 bonitatis,

167 3840 280 3906 nuonui
303 3842 381 3922 iiiia,
403 3842 459 3904 dos
480 3838 674 3920 virginitatis,
706 3845 708 3849 ’

64 3936 67 3939 ’
164 3927 376 3990 Damnatornm
397 3926 484 3990 venia
504 3933 597 3987 mater
620 3923 735 4002 pictatis

167 4011 325 4092 idirgiuum
347 4011 476 4091 laetitia,
497 4010 573 4074 stola
594 4008 735 4073 caritatis.

170 4146 196 4208 0
223 4146 286 4227 pia
306 4145 442 4229 piissima
462 4144 568 4226 regina
588 4144 736 4207 coelorum
797 4208 799 4217 ,

171 4230 309 4337 Omnium
330 4231 476 4299 ditissima
495 4231 552 4297 noi
578 4230 762 4296 saeculorum
771 4274 783 4307 ,
911 4258 914 4267 ·
