2809 4850
713 364 803 439 11⁰

179 565 185 572 ’
306 543 415 644 Hymni
443 541 491 622 qui
518 550 658 606 roenutor
685 542 722 604 tle
748 541 919 619 Communi,
940 543 1003 606 lere
1023 561 1124 608 omnes
1151 545 1183 609 iu
1208 557 1292 612 rotu-

222 630 360 696 stissimrs
387 626 471 692 libris
500 626 668 707 longiores,
699 627 730 689 iu
758 626 966 690 recentioribus
997 628 1029 690 iu
1050 648 1160 708 pouces
1186 651 1292 697 versus

221 717 359 779 eontreeti
393 720 476 791 suut,
509 730 631 791 eumque
665 712 722 773 hoo
752 721 862 773 eertum
891 731 956 774 esse
991 712 1137 796 ridentur,
1170 716 1292 799 antiqua

221 799 367 863 brevioris
394 796 558 859 *osrmiuutn
582 795 722 857 extitere
746 797 871 859 formum
904 797 1079 876 genuinam,
1123 799 1197 863 illud
1231 822 1292 864 oon

220 886 320 950 miuus
336 892 468 964 opertum
488 890 534 943 est
555 880 719 943 torminum
734 891 867 943 suctores
886 879 1004 944 minnime
1019 883 1183 965 Martyres,
1212 885 1293 948 Corr-

221 972 350 1034 lessores
370 977 424 1030 eto.
450 964 482 1030 iu
512 963 681 1027 uniuersum
709 966 888 1044 celebrasse,
919 967 969 1028 sel
995 966 1142 1047 cogitasse
1168 971 1203 1031 le
1230 991 1291 1033 uno

221 1055 319 1136 aliquo
352 1053 476 1125 Somolo,
509 1049 661 1131 ultusque
692 1049 898 1122 eoelesiostiois¹
917 1051 1130 1133 molerem,
1166 1056 1291 1118 metis

220 1138 356 1203 uersibus
383 1135 433 1217 qui
454 1133 560 1197 Ollieio
581 1135 617 1198 tls
638 1132 793 1198 Communi
812 1136 910 1198 miuus
937 1136 1104 1200 riderentur
1132 1137 1210 1221 apti,
1241 1161 1291 1202 re-

221 1224 301 1304 liquo
322 1221 352 1283 in
374 1240 460 1288 usum
480 1217 630 1300 poblicum
645 1220 803 1299 recepisse.
846 1221 929 1298 Quod
951 1221 1055 1282 attinet
1075 1226 1112 1282 sil
1133 1225 1291 1306 hymomus

219 1309 322 1371 Deus
343 1315 491 1368 tuorum
518 1302 696 1381 militum,
718 1322 873 1384 quemnam
895 1314 1051 1386 martyrem
1073 1312 1160 1386 poits
1187 1307 1292 1370 tanos-

222 1392 296 1456 rerit
316 1411 353 1452 ue
367 1388 532 1452 eouieeturo
553 1387 668 1468 quidem
690 1388 757 1450 lieet
777 1387 909 1469 essequi3
930 1409 1034 1452 uersus
1055 1392 1138 1454 uncis
1158 1392 1293 1456 inclusos

220 1475 336 1558 repperi
358 1476 389 1537 iu
404 1474 474 1537 coel.
487 1473 537 1535 W.
553 1475 581 1535 l.
602 1482 687 1554 atque
710 1475 785 1553 opud
800 1473 1003 1538 Thomasiom.
1024 1509 1068 1522 -
1087 1476 1118 1540 2.
1139 1479 1180 1539 ol.
1201 1498 1292 1559 spes

221 1571 257 1625 et
283 1579 431 1624 corono.
482 1560 513 1622 9.
535 1554 584 1622 W.
609 1561 637 1638 l,
656 1557 811 1623 ltine2it.
832 1559 883 1625 W.
905 1562 935 1624 l.
954 1559 1042 1622 lriue
1061 1580 1130 1623 nos
1150 1581 1294 1644 preenn

221 1658 280 1710 tes
301 1643 535 1726 supplices..

605 1832 894 1844 —r-*m-ro—

679 2021 834 2090 xcvsst

503 2162 650 2250 Hymnus
678 2166 720 2226 de
747 2163 1004 2247 confessoribus.

395 2301 470 2354 Libr.
490 2312 544 2354 ret.
948 2301 1027 2354 Beer.
1039 2305 1117 2357 Rom.

217 2390 282 2452 lesu
303 2406 409 2450 eorouo
431 2385 536 2448 celsior
777 2387 844 2449 lesu
864 2404 972 2448 eorouo
993 2387 1101 2450 celsior

215 2475 254 2536 Et
275 2471 382 2537 veritos
404 2470 575 2549 sublimior,
777 2472 815 2533 Et
835 2472 942 2533 ueritus
964 2472 1141 2550 sullimior‚'

215 2560 274 2638 Qui
297 2556 442 2621 confitenti
460 2555 578 2619 servulo
778 2556 836 2631 Qui
857 2556 1001 2618 confitenti
1023 2558 1139 2621 servolo

214 2644 325 2709 Reotis
345 2661 473 2725 perenne
495 2638 667 2723 proemium.
775 2641 886 2703 Retltlis
908 2661 1033 2723 pereuue
1056 2640 1229 2721 proemium.

213 2813 262 2875 Ile
281 2812 456 2894 supplicanti
476 2807 571 2874 eostui
705 2808 726 2870 δ
775 2811 823 2873 Do
844 2807 1019 2890 supplicanti
1039 2810 1149 2893 coetui,

215 2897 338 2959 0lrtentu
360 2894 447 2959 liuius
468 2893 587 2977 optimi,
776 2895 872 2957 Huius
894 2905 1017 2977 rogatu,
1036 2896 1119 2957 noxii
1215 2926 1222 2940 ·

212 2981 429 3045 Remissiouem
450 2979 604 3042 criminum
775 2978 992 3043 Remissiouem
1014 2979 1143 3047 eruoiuis

211 3064 387 3147 Rumpeudo
408 3085 517 3127 nexum
537 3061 657 3128 riueuli.
775 3065 948 3146 Rumpeudo
967 3083 1076 3127 nexum
1093 3065 1220 3131 siusuli.-

210 3232 291 3296 tnui
311 3254 429 3295 meurso
450 3242 579 3313 tempore
773 3230 851 3295 Auni
872 3253 990 3294 reuerso
1010 3242 1140 3315 tempore

210 3317 284 3382 Dies
305 3318 420 3381 reluxit:
437 3317 564 3394 humine,
683 3317 725 3382 10
773 3317 847 3380 Dies
866 3316 981 3380 refulsit
1002 3319 1129 3397 lumine,

211 3404 278 3480 Quo
296 3412 414 3466 metus
435 3403 483 3467 nto
504 3404 540 3464 tu
560 3421 681 3482 eorpore
775 3404 840 3480 Quo
862 3412 980 3464 sonetum
1000 3403 1049 3466 hie
1066 3404 1102 3465 tls
1121 3422 1246 3484 serpere

210 3488 317 3553 Polou
336 3488 475 3570 migrarit
495 3495 681 3569 praepotens.
774 3486 916 3568 Migrorit
935 3486 1011 3549 inter
1032 3487 1140 3553 sirleto.

209 3657 268 3723 Hie
287 3677 365 3723 reno
380 3658 479 3722 terres
500 3658 611 3739 gaudis
773 3655 831 3720 Hie
852 3675 929 3719 rouo
949 3664 1045 3719 terroe
1066 3655 1174 3738 gordiu

210 3743 250 3807 Et
271 3744 413 3807 lutulento
433 3742 554 3826 proelis
773 3742 812 3802 Et
833 3741 979 3804 luculento
1000 3742 1139 3822 proelis,

209 3826 328 3891 Polluta
347 3838 451 3892 ennete
469 3830 612 3911 depulsus
681 3829 723 3893 lo
773 3825 890 3889 Polluta
911 3827 996 3887 sorde
1017 3827 1160 3906 deputans

212 3911 312 3975 Orous
332 3920 410 3976 tenet
430 3911 577 3985 eoelestis.
653 3926 660 3931 ·
772 3909 875 3975 Orous
896 3919 974 3974 tenet
993 3910 1141 3973 eoelestia.

211 4079 264 4144 'l'e
293 4078 451 4144 Christe
485 4101 553 4146 rex
578 4081 683 4182 piis·
773 4079 821 4144 'l'o
843 4080 960 4147 Christe
981 4100 1035 4144 rex
1058 4078 1190 4162 piissime

210 4248 268 4317 tlte
287 4248 446 4316 mutendi
468 4187 647 4333 insilirime
772 4249 830 4315 Hie
851 4249 1011 4351 confitendo
1035 4248 1142 4329 iugiter
