2809 4850
602 390 667 468 d!
774 473 779 488 ,

100 579 102 584 '
163 571 196 634 9.
234 569 321 633 Sient
342 568 422 632 misit
448 575 606 649 uie-poter
632 579 660 631 et
688 589 745 654 ego
772 570 854 634 utto
875 589 928 633 res
952 568 1164 632 tuna-rudens
1245 553 1248 570 '

98 666 299 803 ezutficgrgu
335 658 489 737 prudentes
516 652 592 715 slent
621 667 788 737 serpentes,
824 666 915 719 ostiae
951 667 981 716 ut
1013 655 1164 716 eelemhue

99 762 126 804 ⁸¹
146 763 196 906 ll).
237 841 315 905 Hine
335 843 440 904 l’etrno
459 843 586 905 Romam
607 840 802 921 apostolorum
826 842 959 923 priueeps
981 839 1066 914 adiit,
1088 841 1166 902 Pau-

98 928 149 989 lus
170 926 324 990 Graeciam
346 928 451 1008 ubique
470 929 575 989 doeens
604 926 745 1005 gratiam,
767 937 811 987 tor
832 939 953 1006 qrratrror
974 928 1004 989 hi
1028 946 1165 1006 proceres

98 1011 131 1073 iu
146 1012 245 1093 plagis
268 1024 362 1073 terrae
385 1025 509 1093 quatuor
528 1010 762 1090 evangelizantes
783 1012 888 1073 trinum
911 1024 939 1071 et
959 1032 1058 1073 uuum.

146 1115 198 1176 ll.
239 1114 389 1190 Andreas,
411 1115 531 1176 larohos
555 1121 688 1193 uterque,
716 1111 886 1193 Philippos,
918 1112 1167 1186 Bartholomaeus,

97 1196 220 1275 Simon,
248 1198 439 1276 'lhaddaeus‚
467 1199 605 1274 loannes,
627 1197 760 1257 Thomas
782 1208 810 1258 et
830 1198 996 1259 Matthaeus
1017 1196 1166 1257 duodeeim

100 1281 232 1357 inditus,
252 1302 311 1343 aon
332 1285 369 1344 ah
392 1304 448 1344 unu
466 1284 516 1344 sed
538 1282 568 1343 lu
590 1301 679 1343 nuum
693 1281 795 1361 dirisi,
816 1303 867 1362 per
886 1283 985 1344 orbern
1004 1282 1114 1342 divisos
1136 1280 1166 1340 iu
1269 1297 1273 1308 ¹

98 1386 192 1428 anam
214 1367 373 1446 colligante

147 1466 198 1531 12.
241 1468 273 1528 ln
295 1487 409 1530 omnem
431 1478 537 1529 terram
560 1465 650 1530 exirit
671 1487 761 1531 sonas
782 1486 898 1544 eornm,

143 1568 196 1636 13.
240 1568 279 1630 la
299 1567 329 1631 iu
350 1568 422 1630 linos
443 1569 523 1631 urhis
544 1577 637 1630 terrae
659 1571 748 1631 rerha
769 1589 880 1634 eorum.

110 1710 115 1716 -
144 1670 198 1768 ld.
241 1670 337 1747 Quam
364 1669 488 1752 speciosi
518 1670 605 1750 pedes
634 1670 896 1751 evangelizantium
926 1672 1018 1747 hona,
1054 1653 1169 1749 praedi·

99 1765 231 1818 muttum
253 1773 370 1835 paoem,

144 1859 198 1938 15.
238 1855 391 1936 Sanguine
418 1855 526 1919 Christi
555 1857 711 1939 redemptis
733 1859 774 1918 ita
794 1855 966 1919 direntium:
1001 1855 1095 1932 Sion,
1122 1874 1170 1916 re·
1255 1863 1260 1878 “

99 1940 207 2023 gaulit
226 1941 295 2001 dens
317 1950 419 2019 taus„

146 2044 199 2107 16.
243 2042 300 2119 eri
322 2044 410 2102 verhu
432 2043 549 2106 saeenla
570 2042 654 2120 lecit,
684 2042 758 2123 qnod
781 2063 833 2124 pro
855 2042 940 2103 aohis
960 2044 1079 2104 rethom
1101 2060 1170 2102 earu

100 2129 214 2190 laetum
237 2138 280 2188 est
303 2126 331 2188 iu
351 2127 407 2187 line
429 2128 627 2190 saeculorum:

147 2209 213 2294 11.ι
244 2227 306 2290 Hoe
334 2229 452 2289 rerhum
482 2231 556 2310 qaod
586 2226 801 2310 praedicamus,
825 2225 974 2290 Christum
1001 2226 1172 2289 crucifixura

101 2312 155 2395 qui
179 2311 248 2375 rirlt
269 2323 297 2378 et
319 2326 421 2394 regnat
442 2313 522 2375 Deus
544 2315 574 2377 ia
599 2313 700 2376 coelis.
1163 2309 1166 2316 ’

127 2413 200 2480 :1ss.
244 2414 283 2477 Hi
312 2425 379 2483 snat
407 2415 480 2479 coeli
509 2416 630 2498 quihus,
660 2413 790 2495 Christe,
813 2375 977 2494 inhabitas,
997 2413 1028 2478 lu
1049 2435 1173 2496 quorum

100 2500 205 2566 vertis
225 2510 325 2580 tonas,
347 2501 482 2581 fulgurae
504 2500 616 2583 siguis,
639 2520 722 2563 roras
743 2501 856 2583 gretia:

149 2603 202 2666 19.
245 2602 301 2665 llis
328 2600 446 2665 dixtin:
479 2602 587 2664 Rorute
615 2602 688 2663 eoeli
723 2604 848 2687 desuper
881 2614 910 2666 et
944 2605 1053 2666 uuhes'
1072 2604 1174 2684 pluant

100 2689 232 2767 iustum,
252 2687 400 2769 aperiatur
421 2698 499 2749 terra
520 2687 704 2768 germinans,
762 2694 769 2709 '

144 2788 200 2853 20.
243 2788 369 2851 Gramen
397 2788 504 2877 iustum
526 2789 652 2865 suseita,
679 2799 787 2851 terram
807 2796 935 2852 nostrum
964 2790 1014 2872 qui
1035 2789 1175 2872 apostoli·

101 2876 150 2941 ais
171 2872 270 2953 rerhis
290 2890 391 2935 serens
410 2873 574 2953 germinare
596 2873 704 2936 lacius:
1136 2874 1141 2884 '

148 2978 202 3045 21.
244 2977 376 3054 Quorum
403 2975 501 3037 rerhis
532 2977 654 3038 rorhuru
688 2975 781 3057 patris
815 2986 944 3040 tenemus
979 2977 1009 3039 ia
1038 2976 1176 3059 patientia

102 3066 235 3129 frustm
254 3063 331 3124 ferre
355 3061 402 3122 lae
422 3080 476 3123 nos
498 3061 549 3122 tihi
571 3061 695 3127 domiuo.
782 3102 785 3107 -

147 3164 203 3232 22.
247 3163 286 3224 Hi
309 3160 397 3237 coeli,
420 3180 493 3243 qnos
513 3161 613 3242 magui
636 3161 749 3226 eonsilii
772 3163 896 3243 augelus
918 3162 1080 3241 inhabitas,
1103 3182 1176 3242 quos

102 3269 165 3312 aaa
184 3266 287 3310 semus
307 3246 358 3307 sed
380 3246 490 3309 amieos
511 3246 701 3329 appellabas,
729 3248 835 3328 quihus
856 3247 955 3310 omniu
974 3267 1049 3328 qnae
1069 3248 1175 3308 audisti

102 3354 125 3398 u
145 3343 231 3416 putre
260 3331 402 3394 uotilieas.

148 3424 204 3501 23‘.
248 3434 279 3495 lu
301 3452 423 3511 quoram
445 3431 587 3494 divisione
608 3433 760 3494 eolleetum
789 3452 913 3515 gregem
935 3430 1178 3493 115111ῑωί111-

103 3519 205 3582 risnm
226 3528 255 3579 et
276 3516 304 3578 ia
327 3519 443 3581 riuerrlo
465 3517 546 3599 paris
567 3524 599 3578 nt
620 3516 650 3578 in
672 3528 699 3577 te
722 3538 811 3579 unum
833 3519 925 3581 sirum
946 3516 1020 3583 sieut
1042 3517 1072 3579 iu
1094 3526 1177 3598 patre
1256 3562 1259 3573 t

104 3618 137 3667 tu
161 3623 196 3667 eu
217 3621 309 3663 unus:
1025 3632 1035 3643 ·

146 3705 203 3770 2⁴.
243 3702 386 3765 llllsorere
407 3701 492 3769 nohis
514 3712 544 3766 to
567 3702 614 3783 qni
635 3703 750 3767 hahitas
772 3705 803 3767 iu
821 3703 921 3767 eoelis.

570 3856 718 3868 -ι-

195 3976 343 4037 [1111811181
360 3984 418 4032 Ero·
441 3984 494 4033 dieo
517 3985 648 4035 divloiom'o
671 3986 843 4054 apostolorum
865 4005 937 4038 sacer
959 4006 1009 4038 nun
1026 3987 1177 4059 celebratur,

103 4082 188 4130 neque
205 4066 237 4115 de
253 4082 284 4113 ea
302 4059 412 4128 populun
427 4059 528 4126 publice
544 4081 591 4128 pro
608 4065 726 4113 concione
742 4065 861 4114 docetur:
887 4076 973 4115 tomen
995 4087 1053 4117 encta
1075 4069 1109 4116 sit
1124 4067 1177 4136 fe-

103 4146 178 4184 etum
202 4131 323 4182 ecelesiae
346 4141 370 4178 et
393 4129 523 4178 contiones
546 4129 648 4196 aliqrer‘tl
671 4133 794 4198 antiquae
811 4144 834 4182 et
851 4134 992 4184 sincerioris
1014 4137 1178 4200 antiquitatis

102 4207 257 4271 redoleant,
285 4227 335 4258 narr
355 4206 431 4273 potui
443 4203 555 4273 jacere,
585 4209 645 4274 qar‘rt
673 4227 717 4258 eae
741 4211 928 4280 oubr'angererrt.
964 4200 1068 4263 Procul
1090 4203 1177 4262 11111110

100 4282 156 4347 his
177 4282 313 4348 laudibus
333 4296 451 4342 onumen
472 4297 562 4359 snpra
583 4282 724 4363 seriptum
745 4283 921 4351 iutelleetum
947 4287 1054 4351 voluit:
1084 4304 1176 4368 reque
