2809 4850
723 319 856 440 ιιι

216 542 254 604 in
282 529 450 622 timpora
477 539 646 603 aootisa
675 542 751 604 telo
779 541 940 623 perfidi,
974 562 1098 623 quorum
1131 542 1302 608 verboram

215 626 357 690 scatentia
385 627 613 688 manifestaret.
655 627 837 708 Quamquam
862 627 967 707 reliqui
992 628 1053 688 fer'o
1079 647 1181 689 omues
1202 627 1301 690 exhi·

215 713 284 773 lent
305 709 430 773 hostis
458 731 513 792 ego
536 730 650 791 quoquo
671 710 755 773 ittam
779 709 953 788 scripturam
980 711 1138 793 genuinam
1165 721 1299 792 potore-

216 796 284 859 rim.
305 794 355 859 W.
378 796 407 857 l.
437 795 487 859 Cs.
509 814 578 875 quo
606 796 670 858 diu
693 797 813 859 simus
833 796 1014 861 advenae.
1066 796 1119 861 24.
1139 796 1177 861 D.
1198 796 1220 858 2
1244 798 1300 859 ri·

217 879 291 943 tioso
311 898 331 942 a
351 879 429 942 telo
451 878 609 962 providi.

524 1137 541 1146 ”
671 1167 829 1248 axani.

469 1322 616 1405 Hymnus
642 1325 685 1387 de
710 1319 866 1387 Aaronom
892 1318 1036 1422 Domini.

399 1459 475 1512 Libr.
494 1471 550 1512 ret.
942 1458 1022 1509 Brer.
1040 1458 1118 1507 Rom.

214 1545 282 1609 Vox
303 1543 384 1606 clara
404 1563 470 1604 ecoe
490 1542 620 1621 intonat,
775 1540 822 1603 Eu
844 1541 926 1603 clara
948 1561 1007 1603 vox
1027 1538 1175 1619 redarguit

216 1631 348 1694 Obscura
368 1645 497 1708 quaeqae
510 1628 656 1709 increpate
776 1626 910 1688 Obscura
923 1644 1053 1705 quaeque
1068 1643 1247 1705 personans,

212 1713 365 1778 Pellantur
384 1711 497 1775 eminus
518 1714 631 1774 somnia
775 1710 882 1773 Procul
902 1712 1040 1790 {urgentur
1059 1707 1173 1771 somma

214 1798 385 1862 Atoottrro
396 1795 531 1860 Christus
544 1798 695 1877 promicat.
774 1796 820 1858 At
841 1795 900 1858 alto
921 1796 1003 1857 lesus
1024 1794 1213 1875 promicat.
1295 1879 1298 1884 ¹
1397 1862 1403 1868 ¹

215 1966 334 2031 Mens
324 1984 387 2038 ram
403 1976 539 2047 resurgat
559 1964 676 2046 torpida
703 1967 725 2030 5
775 1962 892 2026 Mens
883 1982 942 2024 ram
962 1970 1098 2042 resurgat
1114 1960 1246 2043 torpida,

215 2052 299 2129 Quae
321 2052 405 2113 sorde
427 2061 523 2113 exstat
544 2050 659 2129 saucia,
774 2047 841 2110 Nou
862 2046 1017 2128 amptius
1009 2066 1108 2109 uaeens
1128 2046 1225 2109 dauni·

110 2203 112 2208 s
214 2137 303 2199 Sidus
326 2135 481 2218 refulget
473 2155 532 2198 ram
552 2154 661 2198 norum
774 2132 863 2194 Sidus
883 2131 1040 2211 refulget
1030 2141 1091 2194 ram
1110 2150 1219 2193 uorum

212 2220 254 2284 Ut
273 2221 355 2283 tollat
376 2241 461 2286 omne
477 2220 608 2285 noxium.
772 2216 813 2279 Ut
835 2216 917 2279 tollat
937 2236 1022 2278 omne
1045 2217 1178 2280 noxium.

211 2390 240 2453 E
261 2408 379 2452 sursum
399 2406 495 2470 agnus
515 2387 654 2470 mittitur,
772 2386 820 2451 En
839 2404 935 2469 agnus
955 2386 992 2449 ad
1012 2405 1067 2449 nos
1087 2383 1210 2448 mittitur

211 2473 330 2537 Laxata
352 2474 447 2535 omnis
467 2472 594 2535 detritum
682 2471 724 2539 10
773 2474 890 2535 Laxaro
911 2471 1003 2552 gratia
1024 2469 1168 2533 debitum:

213 2558 323 2620 Omnes
343 2574 396 2637 pro
418 2557 599 2637 indulgentia
775 2558 886 2620 Omnes
905 2556 993 2619 simul
1014 2577 1081 2645 cum
1102 2535 1232 2619 lacrimis

211 2641 322 2729 Vocem
340 2641 442 2703 domus
463 2660 529 2703 cum
542 2640 681 2708 lacrimis.
717 2678 721 2691 »
772 2642 930 2706 Precemur
949 2639 1168 2723 indulgentiam.

211 2809 345 2872 Secundo
366 2814 398 2871 nt
418 2830 485 2873 oum
506 2810 621 2874 fulserit
773 2812 813 2875 Ut
831 2832 897 2875 oum
917 2811 1042 2875 secundo
1063 2806 1180 2872 fulserit

210 2889 409 2975 Mundumque
429 2897 534 2958 horror
556 2896 680 2959 cinxerit
772 2896 911 2977 Metaque
932 2896 1072 2959 mnrudum
1089 2892 1215 2958 cinxerit

208 2977 276 3040 Non
298 2999 350 3059 pro
372 2989 454 3042 reatu
475 2981 577 3063 puniat
680 2984 722 3047 ta
771 2981 839 3045 Non
860 3002 913 3064 pro
933 2990 1017 3044 reatu
1037 2979 1139 3063 puniat

209 3062 319 3125 Sed
290 3083 356 3145 prus
368 3084 423 3130 noa
443 3074 512 3128 tuno
534 3073 678 3150 protegat.
771 3067 830 3130 Sed
851 3088 906 3129 uos
927 3065 995 3159 pius
1009 3074 1077 3127 tunc
1096 3072 1243 3146 protegat.

771 3235 889 3317 Virtus,
901 3237 995 3300 honor
1001 3233 1106 3315 ,lans,
1119 3180 1289 3315 gloriosto.

669 3357 839 3369 —c—...

167 3417 177 3428 ‘
293 3401 327 3464 ln
347 3401 481 3465 Adventu
509 3403 546 3464 ad
573 3402 707 3484 Laudes,
734 3406 797 3469 lore
827 3404 952 3506 utrique.
991 3405 1021 3467 id
1049 3404 1175 3469 uelim
1166 3426 1198 3467 m
1224 3405 1289 3467 troo

208 3485 338 3551 earmina
359 3506 395 3549 ne
406 3486 644 3586 praetermittas,
671 3500 788 3571 poetam
809 3490 916 3572 optimo
944 3486 976 3552 in
996 3512 1083 3553 nsum
1104 3510 1190 3553 sunm
1211 3510 1290 3552 con-

206 3573 331 3637 vertisse
351 3573 503 3654 pericopas
528 3573 689 3652 scripturae
710 3594 811 3638 sacrae
833 3575 987 3639 dominicis
1012 3572 1114 3639 dicbus
1143 3585 1172 3637 et
1197 3575 1290 3637 sesti·

207 3658 254 3720 ris
275 3658 305 3719 in
327 3657 451 3720 ecclesia
470 3655 615 3723 recitatas.
628 3658 823 3725 Conterasr.
847 3662 917 3723 3-
924 3661 1034 3724 doum
1055 3681 1071 3722 e
1072 3659 1289 3747 pistolaDom.

206 3741 551 3818 adv.1.1t0m.xn1‚
574 3746 623 3808 ll.
646 3765 690 3826 sq.
712 3766 741 3809 r.
763 3745 913 3809 13-16.
941 3738 1290 3828 oumErangel.Dom.

206 3825 245 3889 ll.
271 3825 376 3908 (rel
367 3846 398 3887 m
423 3827 559 3889 Romana
585 3828 735 3909 Ecclesia,
770 3837 801 3890 ut
833 3829 920 3894 hodie
954 3839 999 3894 cst
1025 3829 1071 3912 l.)
1098 3832 1172 3894 Luc.
1199 3829 1288 3910 XXI,

206 3908 261 3971 25
282 3928 361 3989 supp:
353 3908 495 3974 initium
513 3911 635 3993 deniquae
663 3935 730 3977 oum
755 3914 810 3977 illa
830 3916 983 3997 pericopa,
1010 3934 1084 3996 quae
1111 3914 1144 3978 in
1165 3913 1291 3979 Lectio·

207 3990 290 4054 nario
312 3994 507 4056 uetustissimo
529 3996 664 4063 tribuitur
684 3999 802 4065 Domiu.
822 4001 872 4065 W.
894 3999 989 4065 Marc
1010 4001 1037 4079 l,
1067 4003 1097 4064 l
1119 4020 1229 4080 ιιι.-
1188 4000 1291 4065 l·-·‘.

204 4075 332 4139 loannes
386 4076 473 4140 etiam
512 4090 596 4161 atquo
638 4084 726 4147 otium
765 4083 891 4148 incaulcat
930 4084 1137 4166 poeniteutiam
1176 4093 1205 4145 ct
1235 4082 1290 4146 in·

81 4192 85 4197 ·
208 4169 308 4242 crepat
335 4161 434 4224 omunia
460 4161 532 4226 uitia
550 4175 636 4247 atquo
657 4179 784 4249 pearata.
825 4170 930 4234 3.Bd.
951 4171 1094 4252 procul.
1136 4169 1169 4234 4.
1194 4167 1288 4233 Cass.

207 4245 316 4310 aaut.
341 4247 387 4309 alr
415 4249 556 4316 aethra.
598 4255 630 4316 5.
656 4254 693 4319 Ε.
723 4255 802 4320 lisa.
832 4254 1059 4320 turbidal'd.
1087 4264 1289 4335 resurget.
