2809 4850
246 586 378 651 Humum
395 582 479 647 indes
501 536 659 665 producere
799 583 943 649 'Humum
964 583 1048 648 iubes
1068 588 1230 669 producere

246 669 402 754 Reptautis
422 678 451 731 et
470 669 552 732 ferne
572 689 679 751 genas.
728 668 732 679 '
811 668 967 751 Raptautis
989 680 1017 732 ct
1035 671 1119 765 derue
1137 694 1246 756 genus.

247 840 306 919 Qui
327 857 436 919 magna
455 858 555 901 rernm
579 857 718 922 corpora,
739 840 761 904 5
811 839 850 902 Et
870 856 980 919 magns
1000 859 1100 903 rernm
1121 861 1272 926 corpora,

245 927 335 989 Dietn
355 923 481 987 iubentis
501 922 613 1002 uirida,
810 924 897 986 Dicta
918 923 1042 987 iubentis
1066 926 1178 1009 vivida,

246 1012 288 1073 Ut
309 1009 438 1073 serviant
459 1028 513 1089 per
534 1003 666 1072 ordinem
735 1078 736 1081 Ἴ
811 1008 870 1072 Per
892 1018 1056 1089 temporum
1077 1023 1170 1075 certas
1192 1011 1280 1079 vices

246 1095 381 1159 Snddens
402 1093 506 1157 dedisti
525 1092 648 1159 homini.
812 1095 1022 1176 Obtemperarc
1045 1096 1182 1163 serendis.

245 1263 370 1350 Repello
391 1281 412 1326 n
433 1261 527 1327 serris
550 1259 608 1324 tuis
811 1261 936 1342 Repello
957 1263 1032 1341 quod
1055 1263 1198 1346 cupidinis
1261 1310 1264 1319 -

117 1340 124 1354 ⁸
202 1412 206 1419 ,
246 1348 390 1430 Quicquid
411 1368 464 1429 per
480 1344 692 1410 immunditiam
720 1344 762 1410 10
812 1346 913 1409 Cicute
935 1345 965 1409 vi
985 1365 1039 1409 nes
1060 1347 1187 1431 impetit,

194 1502 201 1519 x
244 1436 305 1497 Aut
325 1432 454 1495 moribus
475 1454 508 1495 se
529 1430 663 1511 suggerit
810 1432 868 1494 Aut
889 1430 1019 1499 moribus
1041 1453 1073 1495 se
1095 1434 1231 1515 suggerit

245 1520 306 1584 Aut
326 1518 438 1581 actitans
458 1536 490 1579 se
511 1515 667 1580 interserit.
809 1521 870 1580 Ant
888 1516 1000 1578 actibus
1020 1537 1053 1579 se
1072 1516 1231 1585 interserit.

245 1687 294 1748 Da
315 1685 488 1768 gaudiorum
508 1682 655 1768 praemia,
810 1684 858 1746 Da
878 1683 1052 1765 gaudiorum
1069 1687 1238 1770 prooemia,⁴

245 1771 294 1833 Da
314 1771 475 1852 gratiarum
495 1789 618 1833 munera
809 1768 857 1832 Do
879 1769 1050 1848 gratiarum¹
1063 1792 1186 1836 munera

244 1856 383 1931 Dissolee
404 1854 464 1917 litis
483 1855 621 1931 uincula,
718 1852 760 1918 15
811 1852 947 1916 Dissolre
969 1853 1029 1916 litis
1050 1854 1184 1935 vincula,
1219 1922 1223 1942 ¹

245 1940 403 2022 distringe
424 1941 505 2022 pacis
526 1942 654 2005 foedera.
809 1937 968 2018 Adstriuge
988 1926 1071 2019 p'acis
1091 1941 1220 2008 foedera.
1337 1944 1343 1949 ’

543 2110 771 2190 Praestapatcr
790 2104 923 2189 piissime
945 2116 1000 2172 etc.
1073 2174 1075 2177 ,

696 2262 870 2273 ——u—-—

352 2338 503 2405 Exhibeat
522 2338 592 2405 libri
614 2334 756 2424 hymnum
776 2337 867 2404 Feria
886 2347 972 2405 sexta
991 2340 1029 2404 ad
1049 2338 1207 2422 vesperos.
1231 2373 1273 2388 —
1298 2340 1330 2407 θ.

245 2425 322 2493 Lod.
342 2427 455 2496 dieto.

686 2747 690 2756 ‘
747 2733 820 2809 LV.

356 2921 361 2928 ·
478 2881 628 2973 Hymnus
649 2884 692 2950 de
711 2884 912 2951 Aseersoe'orrc
938 2883 1083 2951 Domana

247 3022 370 3104 Optatus
390 3021 467 3085 uotis
489 3023 622 3086 omnium
808 3024 864 3086 Est
885 3024 1016 3087 elevatus
1037 3023 1163 3087 nudibus

246 3106 385 3169 Serretes
406 3105 506 3170 illuxit
527 3108 589 3170 dies
773 3179 777 3186 ¹
808 3109 847 3170 Et
867 3129 948 3187 spem
969 3108 1038 3172 iecit
1057 3108 1256 3192 credentibus,

246 3192 312 3270 Quo
334 3192 485 3275 Christus,
512 3191 609 3255 murrrdi
631 3213 716 3276 spes,
808 3194 953 3273 Aperiens
974 3195 1153 3275 paradisum.
1204 3260 1213 3268 ,
1286 3197 1332 3264 16

136 3349 139 3355 ¹
523 3276 622 3355 Deus,
810 3278 905 3356 Quem
918 3279 1115 3361 protoplastus
1127 3280 1285 3347 clauserat.

247 3361 421 3427 Conscendit
442 3362 540 3426 caelos
560 3364 685 3428 arduos.-

244 3535 413 3598 Aseendens
439 3533 470 3596 in
501 3532 594 3595 altum
613 3530 718 3594 Domi-
810 3531 967 3613 Ograude
989 3532 1101 3595 eunetis
1122 3533 1283 3612 gandium!

523 3638 590 3696 uns,
737 3617 759 3681 5
810 3618 1131 3699 Quodpartusnostrae
1146 3618 1285 3699 virginis.

243 3704 398 3783 Propriam
409 3701 556 3767 adsedem
569 3721 719 3779 remeans,
808 3701 880 3765 Post
917 3712 1018 3783 sputa,
1060 3703 1171 3783 flogra,
1214 3714 1285 3782 post

246 3788 357 3851 Gavisa
378 3795 444 3852 suut
465 3788 538 3850 eecli
559 3806 653 3869 regna
1088 3807 1204 3854 crucem

245 3871 353 3934 Redito
374 3872 527 3952 unigeniti.
808 3871 951 3936 Paternac
971 3871 1035 3935 sedi
1056 3870 1196 3951 iungitur.
1284 3871 1332 3939 20

246 4038 351 4119 Magni
372 4037 550 4119 triumphum
571 4037 695 4120 proelii,
809 4041 942 4123 Agamus
964 4059 1035 4121 ergo
1061 4039 1179 4120 gratias

57 4137 61 4146 .
137 4195 142 4204 t
245 4125 351 4186 Mundi
372 4136 519 4204 perempto
540 4126 688 4206 principe,
718 4123 759 4191 10
809 4127 934 4189 Nostrae
955 4124 1059 4190 solertis
1079 4122 1217 4202 vindiei,'

246 4208 344 4273 Patris
365 4220 530 4291 praesentet
548 4209 678 4274 vultibus
773 4223 776 4230 ’
809 4212 949 4275 Nostrum
963 4211 1038 4291 quod
1052 4207 1289 4289 corpusvexerit

246 4294 384 4362 victricis
403 4295 502 4359 earnis
521 4292 659 4376 gloriam·
809 4296 973 4408 Sublimem
992 4296 1031 4359 ad
1051 4294 1126 4360 coedi
1148 4293 1279 4374 regiain.
