2809 4850
513 462 517 469 .
618 480 621 485 ,
707 410 805 485 ,111
852 454 878 475 ,.

398 589 451 652 17.
465 585 539 651 'tter
555 586 738 651 rerhlrsrlrt
758 587 789 648 ln
810 587 906 652 tutu
933 586 998 649 tst’
1024 589 1088 667 leh,

472 674 534 738 tut
554 695 590 735 zu
611 673 657 735 tlir
677 673 724 732 die
745 672 848 734 Hiintlu
869 672 934 733 heli'
954 675 1018 752 ioli,

473 758 552 820 llerr
567 759 612 820 dir
631 756 719 821 sterlr’
741 757 788 819 ioh
809 758 866 818 untl
887 757 933 819 ilir
954 758 1009 820 leh’
1028 760 1091 821 iuli!

314 1043 454 1111 Venimus
475 1045 511 1107 ao
535 1066 601 1108 eum
622 1047 761 1127 hymnum
783 1043 831 1123 qui
853 1063 910 1106 unu
930 1044 1057 1106 omniurn
1080 1064 1293 1108 consensuru-
1390 1072 1391 1123 t

230 1152 297 1196 eruo
323 1144 447 1211 poeseos
474 1148 620 1195 summum
646 1131 734 1192 deors
769 1140 796 1190 et
828 1130 968 1190 ecelesiae
1004 1128 1112 1193 latiuuo
1136 1128 1293 1212 κειμήλιον

184 1276 188 1283 .
230 1229 274 1279 est
301 1216 550 1299 pretiosissimum.
597 1216 673 1277 Nam
700 1213 787 1275 otium
823 1213 867 1275 illi
899 1215 1004 1294 quilius
1040 1213 1125 1276 latini
1152 1216 1294 1277 ecelesiae

228 1302 328 1384 ltymui
357 1321 478 1381 prorsus
507 1300 600 1380 ignoti
625 1307 693 1362 suut
718 1300 794 1360 huno
815 1308 891 1361 certo
912 1309 1020 1359 norunt
1043 1311 1071 1359 et
1092 1298 1188 1381 siqui
1210 1300 1295 1363 iure-

230 1388 350 1448 niuutnr
368 1387 404 1446 ult
427 1385 603 1448 humanitate
625 1392 683 1445 tum
705 1383 791 1443 alieni
815 1393 845 1445 nt
869 1383 1028 1444 carminum
1051 1403 1199 1446 sacrorum
1223 1403 1296 1447 sua·

229 1472 347 1533 ritatem
366 1470 440 1532 nihil
462 1470 578 1530 omniuo
598 1467 738 1544 sentiant,
765 1469 801 1528 ud
823 1468 900 1531 huno
926 1478 1003 1529 serta
1022 1469 1181 1551 hymnum,
1209 1472 1296 1531 unius

231 1565 299 1636 quot
312 1564 379 1617 suut
392 1555 481 1618 rerba
494 1564 534 1615 tot
555 1555 698 1635 pondera,
720 1552 808 1613 immo
828 1552 967 1626 tonitrua,
988 1553 1116 1615 animum
1131 1555 1297 1618 advertunt.

229 1641 262 1701 lu
280 1659 364 1719 quam
378 1638 443 1719 quid
453 1638 499 1715 sit,
513 1637 994 1717 quodomniumoeuloseunrertut,
1009 1637 1096 1698 lneile
1111 1637 1297 1719 intelligitur.

228 1724 360 1788 Pritnum
379 1723 455 1784 euim
471 1718 564 1802 ipsum
580 1721 716 1783 carminis
729 1732 933 1800 argumentum
949 1721 1006 1782 tale
1020 1732 1064 1783 est
1078 1722 1191 1784 utillud
1209 1722 1297 1804 quusi

231 1809 352 1870 urreetis
383 1807 502 1869 auribus
530 1827 615 1868 tremo
649 1826 708 1866 non
738 1808 844 1873 audiat.
892 1807 960 1867 Rex
986 1806 1100 1887 quitiam
1133 1806 1297 1887 Bulgarittu

229 1914 317 1973 quum
330 1892 479 1956 Christum
502 1902 662 1952 extremum
682 1890 817 1954 iudieium
839 1892 874 1950 tle
894 1893 1015 1952 mortuis
1036 1900 1065 1952 et
1085 1892 1162 1953 viris
1181 1893 1299 1955 hulien-

229 1989 288 2040 tom
314 1977 343 2040 in
374 1978 484 2056 pietnra
511 1976 704 2055 conspiceret,
733 1994 766 2036 ea
789 1975 853 2056 ipsa
881 1995 912 2035 re
934 1975 975 2035 itu
993 1985 1086 2037 taetus
1106 1986 1192 2057 atque
1215 1999 1299 2039 eorn-

228 2074 324 2126 motns
341 2083 406 2124 esse
427 2062 594 2142 perhibetur
620 2070 650 2121 ιιι
668 2058 746 2130 ttttm
768 2060 938 2139 religionem
961 2058 1159 2122 Christianum
1180 2063 1298 2143 ample·

229 2160 369 2210 uteretur:
402 2147 467 2226 quid
497 2145 587 2226 igitur
614 2144 719 2206 mirum
746 2146 819 2223 quod
847 2147 972 2226 hymnus
999 2154 1112 2220 noster,
1146 2167 1213 2208 enm
1240 2167 1297 2207 ex·

230 2234 314 2295 tremi
342 2230 439 2295 iudicii
465 2230 622 2310 imaginem
651 2239 710 2290 tarn
738 2249 805 2291 vore
833 2229 985 2310 depingat,
1013 2240 1044 2292 ιιι
1073 2231 1130 2293 tuis
1151 2231 1202 2292 tihi
1224 2252 1298 2293 oru-

135 2366 137 2373 .
230 2317 269 2380 lis
301 2316 405 2401 intueri
440 2313 580 2392 videaris,
617 2313 702 2374 etiarn
730 2333 806 2374 nunu
839 2314 972 2375 homines
1002 2313 1183 2377 Christianos
1219 2326 1299 2377 tutus

86 2410 88 2413 '
161 2441 165 2444 ι
229 2403 320 2464 uulsa
341 2401 436 2482 rapiat
466 2412 493 2463 et
523 2399 550 2461 in
572 2417 714 2461 suminam
744 2398 850 2460 exultet
876 2398 1117 2466 admirationem?
1159 2402 1298 2465 Proiecto

230 2506 346 2549 carmen
375 2488 415 2547 itu
444 2498 487 2547 est
515 2495 711 2563 comparatum
738 2494 769 2544 ut
791 2483 938 2545 Christum
965 2484 996 2544 iu
1021 2486 1123 2552 throno
1145 2489 1300 2549 sedentem

230 2573 349 2654 eiusque
376 2570 496 2642 terribili
525 2589 595 2631 roeo
622 2569 733 2630 coelum
762 2578 790 2629 et
817 2583 924 2630 terrum
944 2589 1112 2633 coneursum
1142 2572 1303 2650 conspice-

229 2677 276 2734 re,
305 2668 335 2719 ιιι
357 2656 441 2717 tuhue
463 2654 509 2715 rel
537 2653 671 2733 sepulera
690 2653 862 2715 recludentis
884 2665 912 2713 et
941 2665 1072 2716 mortuos
1092 2656 1299 2718 resuscitantis

228 2743 319 2802 rnirus
341 2761 428 2801 sonus
456 2739 573 2817 audire,
592 2739 713 2818 deniqne
743 2747 773 2799 ιιι
801 2736 981 2820 lemetipsum
1003 2739 1085 2820 quasi
1113 2761 1166 2822 per
1192 2759 1300 2803 aeretn

229 2828 292 2904 rapi
318 2836 347 2884 et
380 2823 570 2885 eonscientiae
602 2823 761 2884 terroribus
787 2833 883 2884 netum
910 2823 1035 2884 divinam
1070 2825 1194 2904 gratiam
1225 2845 1301 2888 ιιιι

230 2917 287 2969 toto
308 2910 414 2970 mundo
429 2908 584 2986 implorare
597 2907 647 2967 tihi
663 2908 799 2970 ridearis.
841 2909 929 2969 Porro
945 2909 1008 2988 quis
1027 2919 1071 2969 est
1092 2910 1140 2990 qui
1154 2930 1210 2970 nun
1223 2930 1302 2971 sen-

229 2993 299 3069 tint,
321 3003 427 3071 quantu
448 2992 586 3051 maiestas
608 3009 645 3050 ex
666 2990 768 3071 lingna
789 2991 879 3056 lutino
901 2994 996 3065 (eutius
1017 2993 1130 3072 quidem
1153 2996 1225 3056 lmen
1246 2997 1303 3056 in-

227 3078 308 3140 doles
339 3078 458 3157 proprie
484 3083 540 3153 est)
568 3076 674 3154 hymno
702 3078 835 3152 annelat,
861 3096 946 3155 quum
975 3089 1042 3157 epte
1063 3090 1152 3141 totum
1173 3097 1303 3140 narnien

228 3161 428 3223 eoneiunutum
450 3159 504 3237 sit,
533 3178 619 3240 quam
649 3161 720 3220 hene
752 3162 930 3242 rhythmicae
962 3163 1088 3224 rationes
1120 3175 1302 3246 argumento

228 3247 518 3325 conueniant,'qunm
541 3243 710 3310 mirabiliter
728 3258 756 3307 et
777 3245 858 3325 quasi
881 3245 1043 3308 fluctuantis
1066 3250 1206 3311 marisia
1228 3268 1302 3310 mo·

222 3334 295 3398 'tium
318 3351 420 3398 uersus
440 3331 586 3407 serantur,
611 3328 899 3410 deniquequoniam
923 3334 1029 3411 hymno
1050 3353 1090 3395 ex
1111 3333 1238 3402 ternaria
1262 3335 1301 3400 iu

228 3436 341 3499 quoque
361 3415 481 3498 stropha
502 3434 603 3475 roeum
632 3413 821 3476 similitudine
848 3428 876 3476 et
903 3416 1051 3496 dignitatis
1082 3429 1110 3482 st
1137 3418 1301 3498 grauitatis

226 3499 412 3581 mutanti)
439 3501 487 3562 Ex
501 3500 546 3561 his
559 3498 694 3560 omnihus
708 3500 796 3577 sutis,
816 3499 936 3579 opinor,
951 3504 1101 3583 apparebit
1115 3503 1163 3583 qui
1183 3502 1302 3565 lurtum

228 3586 267 3648 sit
293 3597 323 3649 ut
351 3587 427 3648 hune
448 3587 589 3667 hymnum
610 3594 747 3664 quotquot
770 3583 880 3647 Christi
901 3606 1005 3647 nomen
1027 3599 1132 3667 gerunt
1153 3596 1180 3648 et
1201 3607 1304 3648 nove-

226 3672 285 3733 rint
304 3682 331 3732 ιι
351 3669 543 3747 admirentur,
573 3689 628 3730 neu
648 3686 684 3729 ea
705 3679 814 3731 tuntum
836 3688 909 3749 queo
933 3689 1035 3750 prosae
1055 3672 1183 3751 genitrix
1203 3667 1305 3733 rene-

226 3758 318 3818 raudo
337 3764 381 3818 est
403 3755 541 3831 ecelesia,
568 3755 617 3814 sed
640 3751 725 3814 etiam
755 3754 924 3833 evangeliun
951 3755 1013 3817 suis
1033 3756 1190 3820 honoribus
1211 3756 1303 3818 omui

228 3850 355 3921 tempore
376 3841 494 3920 dignum
514 3837 668 3922 censuerih
710 3837 777 3899 lude
799 3840 885 3899 etiam
908 3840 1016 3901 lactum
1038 3853 1098 3915 est,
1121 3852 1152 3901 ut
1173 3859 1301 3904 earne·

227 3925 360 3986 homiues
379 3923 527 3985 christiani
548 3922 577 3982 in
600 3922 680 4003 pium
702 3941 787 3984 usum
808 3923 899 3985 variis
922 3926 1015 3987 molis
1036 3924 1117 3987 nullo
1139 3944 1196 3990 uon
1218 3933 1302 3988 tem-

294 4193 325 4261 *)
341 4171 472 4257 „Deuseir
491 4189 640 4246 ‹treithctter
657 4195 734 4247 Reium
751 4197 806 4247 wis
824 4197 872 4247 mit
899 4195 956 4248 drei
975 4197 1227 4254 Hammersehliiren
1246 4200 1304 4256 dis

228 4262 317 4314 tielste
341 4261 419 4313 Seele
443 4266 539 4313 zitteru
561 4261 681 4318 mucht.“
708 4287 741 4304 -·
767 4264 901 4319 [tuo-tcto
926 4263 955 4316 in
980 4266 1049 4317 trior.
1074 4267 1147 4320 Ecol.
1169 4243 1251 4322 ¹l'ottt.
1276 4274 1300 4324 1.

228 4349 255 4398 p.
273 4327 333 4382 534.
356 4329 424 4395 (Ed.
443 4327 561 4397 quinta).
