<?xml version="1.0" encoding="UTF-8"?>
<!DOCTYPE html PUBLIC "-//W3C//DTD XHTML 1.0 Transitional//EN"
    "http://www.w3.org/TR/xhtml1/DTD/xhtml1-transitional.dtd">
<html xmlns="http://www.w3.org/1999/xhtml" xml:lang="en" lang="en">
 <head>
  <title>
</title>
<meta http-equiv="Content-Type" content="text/html;charset=utf-8" />
  <meta name='ocr-system' content='tesseract 3.04.00' />
  <meta name='ocr-capabilities' content='ocr_page ocr_carea ocr_par ocr_line ocrx_word'/>
</head>
<body>
  <div class='ocr_page' id='page_1' title='image "./thesaurushymnol00vormgoog/thesaurushymnol00vormgoog_0022.png"; bbox 0 0 2809 4850; ppageno 0'>
   <div class='ocr_carea' id='block_1_1' title="bbox 191 328 388 382">
    <p class='ocr_par' dir='ltr' id='par_1_1' title="bbox 191 328 388 382">
     <span class='ocr_line' id='line_1_1' title="bbox 191 328 388 382; baseline -0.041 -3"><span class='ocrx_word' id='word_1_1' title='bbox 191 328 297 382; x_wconf 74' lang='lat' dir='ltr'><strong>XVlll</strong></span> <span class='ocrx_word' id='word_1_2' title='bbox 381 362 388 371; x_wconf 91' lang='lat'>.</span> 
     </span>
    </p>
   </div>
   <div class='ocr_carea' id='block_1_2' title="bbox 199 481 1277 787">
    <p class='ocr_par' dir='ltr' id='par_1_2' title="bbox 199 481 1277 787">
     <span class='ocr_line' id='line_1_2' title="bbox 199 481 1273 582; baseline -0.007 -16"><span class='ocrx_word' id='word_1_3' title='bbox 199 499 276 566; x_wconf 80' lang='lat' dir='ltr'><strong>dum</strong></span> <span class='ocrx_word' id='word_1_4' title='bbox 301 495 461 564; x_wconf 72' lang='lat' dir='ltr'><strong><em>laboriose</em></strong></span> <span class='ocrx_word' id='word_1_5' title='bbox 492 496 664 582; x_wconf 77' lang='lat' dir='ltr'><strong>cmsgeslus</strong></span> <span class='ocrx_word' id='word_1_6' title='bbox 685 494 805 558; x_wconf 84' lang='lat' dir='ltr'><strong>iterato</strong></span> <span class='ocrx_word' id='word_1_7' title='bbox 833 515 1002 582; x_wconf 81' lang='lat' dir='ltr'><strong>repressus</strong></span> <span class='ocrx_word' id='word_1_8' title='bbox 1027 496 1076 559; x_wconf 78' lang='lat' dir='ltr'><strong>es&#39;l</strong></span> <span class='ocrx_word' id='word_1_9' title='bbox 1101 494 1138 558; x_wconf 84' lang='lat' dir='ltr'><strong>iu</strong></span> <span class='ocrx_word' id='word_1_10' title='bbox 1163 481 1273 560; x_wconf 47' lang='lat' dir='ltr'><strong>‘domo</strong></span> 
     </span>
     <span class='ocr_line' id='line_1_3' title="bbox 199 595 1276 691; baseline -0.008 -22"><span class='ocrx_word' id='word_1_11' title='bbox 199 600 361 691; x_wconf 71' lang='lat' dir='ltr'><strong>potandum</strong></span> <span class='ocrx_word' id='word_1_12' title='bbox 384 598 521 663; x_wconf 84' lang='lat' dir='ltr'><strong>Henrici</strong></span> <span class='ocrx_word' id='word_1_13' title='bbox 542 595 691 673; x_wconf 81' lang='lat' dir='ltr'><strong>Queutell</strong></span> <span class='ocrx_word' id='word_1_14' title='bbox 717 595 871 662; x_wconf 88' lang='lat' dir='ltr'><strong>Colouioe</strong></span> <span class='ocrx_word' id='word_1_15' title='bbox 894 596 989 661; x_wconf 77' lang='lat'>1506</span> <span class='ocrx_word' id='word_1_16' title='bbox 1005 596 1052 661; x_wconf 80' lang='lat' dir='ltr'><strong>orl</strong></span> <span class='ocrx_word' id='word_1_17' title='bbox 1060 595 1165 685; x_wconf 76' lang='lat' dir='ltr'><strong>fluum</strong></span> <span class='ocrx_word' id='word_1_18' title='bbox 1182 618 1276 661; x_wconf 83' lang='lat' dir='ltr'><strong>mers-</strong></span> 
     </span>
     <span class='ocr_line' id='line_1_4' title="bbox 200 692 1277 787; baseline -0.008 -15"><span class='ocrx_word' id='word_1_19' title='bbox 200 707 249 772; x_wconf 82' lang='lat' dir='ltr'><strong>sis</strong></span> <span class='ocrx_word' id='word_1_20' title='bbox 279 701 375 769; x_wconf 72' lang='lat' dir='ltr'><strong>ntuli.</strong></span> <span class='ocrx_word' id='word_1_21' title='bbox 425 692 537 765; x_wconf 83' lang='lat' dir='ltr'><strong>Editio</strong></span> <span class='ocrx_word' id='word_1_22' title='bbox 560 720 653 786; x_wconf 85' lang='lat' dir='ltr'><strong>quam</strong></span> <span class='ocrx_word' id='word_1_23' title='bbox 680 720 746 787; x_wconf 80' lang='lat' dir='ltr'><strong>ego</strong></span> <span class='ocrx_word' id='word_1_24' title='bbox 785 696 941 786; x_wconf 68' lang='lat' dir='ltr'><strong>possideo·</strong></span> <span class='ocrx_word' id='word_1_25' title='bbox 964 699 1108 763; x_wconf 88' lang='lat' dir='ltr'><strong>omnibus</strong></span> <span class='ocrx_word' id='word_1_26' title='bbox 1132 708 1182 763; x_wconf 88' lang='lat' dir='ltr'><strong>est</strong></span> <span class='ocrx_word' id='word_1_27' title='bbox 1211 722 1277 764; x_wconf 79' lang='lat' dir='ltr'><strong>an-</strong></span> 
     </span>
    </p>
   </div>
   <div class='ocr_carea' id='block_1_3' title="bbox 201 798 1381 899">
    <p class='ocr_par' dir='ltr' id='par_1_3' title="bbox 201 798 1381 899">
     <span class='ocr_line' id='line_1_5' title="bbox 201 798 1381 899; baseline -0.007 -27"><span class='ocrx_word' id='word_1_28' title='bbox 201 805 326 894; x_wconf 85' lang='lat' dir='ltr'><strong>tiquior.</strong></span> <span class='ocrx_word' id='word_1_29' title='bbox 373 801 530 889; x_wconf 78' lang='lat' dir='ltr'>Inscripta</span> <span class='ocrx_word' id='word_1_30' title='bbox 542 813 592 867; x_wconf 90' lang='lat' dir='ltr'><strong>est</strong></span> <span class='ocrx_word' id='word_1_31' title='bbox 605 798 786 891; x_wconf 76' lang='lat' dir='ltr'><strong>Eupositio</strong></span> <span class='ocrx_word' id='word_1_32' title='bbox 805 800 990 887; x_wconf 73' lang='lat' dir='ltr'><em>hymnorum</em></span> <span class='ocrx_word' id='word_1_33' title='bbox 1001 800 1155 891; x_wconf 79' lang='lat' dir='ltr'><strong>perutilis</strong></span> <span class='ocrx_word' id='word_1_34' title='bbox 1170 803 1278 867; x_wconf 80' lang='lat' dir='ltr'><strong>omni-</strong></span> <span class='ocrx_word' id='word_1_35' title='bbox 1375 884 1381 899; x_wconf 42' lang='grc' dir='ltr'>Ι</span> 
     </span>
    </p>
   </div>
   <div class='ocr_carea' id='block_1_4' title="bbox 205 901 1278 1078">
    <p class='ocr_par' dir='ltr' id='par_1_4' title="bbox 205 901 1278 1078">
     <span class='ocr_line' id='line_1_6' title="bbox 205 901 1278 994; baseline -0.005 -20"><span class='ocrx_word' id='word_1_36' title='bbox 205 908 327 994; x_wconf 70' lang='lat' dir='ltr'><strong>busque</strong></span> <span class='ocrx_word' id='word_1_37' title='bbox 354 902 516 970; x_wconf 81' lang='lat' dir='ltr'><strong>salubris:</strong></span> <span class='ocrx_word' id='word_1_38' title='bbox 540 901 632 968; x_wconf 80' lang='lat' dir='ltr'>deest</span> <span class='ocrx_word' id='word_1_39' title='bbox 652 925 753 969; x_wconf 88' lang='lat' dir='ltr'><strong>annus</strong></span> <span class='ocrx_word' id='word_1_40' title='bbox 774 914 805 967; x_wconf 90' lang='lat' dir='ltr'><strong>et</strong></span> <span class='ocrx_word' id='word_1_41' title='bbox 829 924 942 967; x_wconf 87' lang='lat' dir='ltr'><strong>nomen</strong></span> <span class='ocrx_word' id='word_1_42' title='bbox 967 902 1177 992; x_wconf 74' lang='lat' dir='ltr'><strong>typographi,</strong></span> <span class='ocrx_word' id='word_1_43' title='bbox 1211 903 1278 969; x_wconf 76' lang='lat' dir='ltr'><strong>secl</strong></span> 
     </span>
     <span class='ocr_line' id='line_1_7' title="bbox 206 1003 1277 1078; baseline -0.007 -2"><span class='ocrx_word' id='word_1_44' title='bbox 206 1033 246 1076; x_wconf 88' lang='lat' dir='ltr'><strong>ex</strong></span> <span class='ocrx_word' id='word_1_45' title='bbox 265 1006 417 1074; x_wconf 70' lang='lat' dir='ltr'><strong>&#39;omnibus</strong></span> <span class='ocrx_word' id='word_1_46' title='bbox 442 1005 546 1070; x_wconf 84' lang='lat' dir='ltr'><strong>elrrcet</strong></span> <span class='ocrx_word' id='word_1_47' title='bbox 572 1004 603 1071; x_wconf 93' lang='lat' dir='ltr'><strong>in</strong></span> <span class='ocrx_word' id='word_1_48' title='bbox 632 1005 759 1069; x_wconf 86' lang='lat' dir='ltr'><strong>officina</strong></span> <span class='ocrx_word' id='word_1_49' title='bbox 782 1003 1006 1078; x_wconf 82' lang='lat' dir='ltr'><strong>Quentelliana</strong></span> <span class='ocrx_word' id='word_1_50' title='bbox 1039 1006 1124 1071; x_wconf 88' lang='lat' dir='ltr'><strong>circa</strong></span> <span class='ocrx_word' id='word_1_51' title='bbox 1152 1027 1277 1072; x_wconf 85' lang='lat' dir='ltr'><strong>annum</strong></span> 
     </span>
    </p>
   </div>
   <div class='ocr_carea' id='block_1_5' title="bbox 206 1100 1290 1196">
    <p class='ocr_par' dir='ltr' id='par_1_5' title="bbox 206 1100 1290 1196">
     <span class='ocr_line' id='line_1_8' title="bbox 206 1100 1290 1196; baseline -0.006 -19"><span class='ocrx_word' id='word_1_52' title='bbox 206 1108 427 1176; x_wconf 82' lang='lat' dir='ltr'><strong>Mccccxc</strong></span> <span class='ocrx_word' id='word_1_53' title='bbox 441 1106 524 1196; x_wconf 87' lang='lat' dir='ltr'><strong>typis</strong></span> <span class='ocrx_word' id='word_1_54' title='bbox 540 1129 611 1173; x_wconf 88' lang='lat' dir='ltr'><strong>esse</strong></span> <span class='ocrx_word' id='word_1_55' title='bbox 624 1105 824 1195; x_wconf 67' lang='lat' dir='ltr'><strong>descriptam.</strong></span> <span class='ocrx_word' id='word_1_56' title='bbox 875 1105 913 1172; x_wconf 91' lang='lat' dir='ltr'><strong>In</strong></span> <span class='ocrx_word' id='word_1_57' title='bbox 927 1106 989 1172; x_wconf 86' lang='lat' dir='ltr'><strong>hac</strong></span> <span class='ocrx_word' id='word_1_58' title='bbox 1002 1105 1189 1196; x_wconf 84' lang='lat' dir='ltr'><strong>hymnorum</strong></span> <span class='ocrx_word' id='word_1_59' title='bbox 1204 1100 1290 1171; x_wconf 60' lang='lat' dir='ltr'><strong>ool-³</strong></span> 
     </span>
    </p>
   </div>
   <div class='ocr_carea' id='block_1_6' title="bbox 189 1202 1279 1398">
    <p class='ocr_par' dir='ltr' id='par_1_6' title="bbox 189 1202 1279 1398">
     <span class='ocr_line' id='line_1_9' title="bbox 207 1202 1278 1287; baseline -0.005 -11"><span class='ocrx_word' id='word_1_60' title='bbox 207 1211 345 1278; x_wconf 88' lang='lat' dir='ltr'><strong>lectione</strong></span> <span class='ocrx_word' id='word_1_61' title='bbox 358 1202 562 1276; x_wconf 76' lang='lat' dir='ltr'><strong>mensurabile</strong></span> <span class='ocrx_word' id='word_1_62' title='bbox 570 1209 645 1274; x_wconf 82' lang='lat' dir='ltr'><strong>milri</strong></span> <span class='ocrx_word' id='word_1_63' title='bbox 653 1209 751 1273; x_wconf 86' lang='lat' dir='ltr'><strong>visum</strong></span> <span class='ocrx_word' id='word_1_64' title='bbox 762 1209 936 1274; x_wconf 85' lang='lat' dir='ltr'><strong>estinitium</strong></span> <span class='ocrx_word' id='word_1_65' title='bbox 952 1209 1041 1274; x_wconf 89' lang='lat' dir='ltr'><strong>libri:</strong></span> <span class='ocrx_word' id='word_1_66' title='bbox 1067 1209 1195 1287; x_wconf 86' lang='lat' dir='ltr'><strong>„Liber</strong></span> <span class='ocrx_word' id='word_1_67' title='bbox 1210 1210 1278 1274; x_wconf 84' lang='lat' dir='ltr'><strong>iste</strong></span> 
     </span>
     <span class='ocr_line' id='line_1_10' title="bbox 189 1306 1279 1398; baseline -0.006 -17"><span class='ocrx_word' id='word_1_68' title='bbox 189 1313 324 1381; x_wconf 80' lang='lat' dir='ltr'><strong>,dicitur</strong></span> <span class='ocrx_word' id='word_1_69' title='bbox 356 1312 437 1377; x_wconf 87' lang='lat' dir='ltr'><strong>liber</strong></span> <span class='ocrx_word' id='word_1_70' title='bbox 464 1310 658 1397; x_wconf 87' lang='lat' dir='ltr'><strong>hymnorum.</strong></span> <span class='ocrx_word' id='word_1_71' title='bbox 722 1310 871 1398; x_wconf 85' lang='lat' dir='ltr'><strong>Hymnus</strong></span> <span class='ocrx_word' id='word_1_72' title='bbox 896 1310 1009 1375; x_wconf 88' lang='lat' dir='ltr'><strong>dicitur</strong></span> <span class='ocrx_word' id='word_1_73' title='bbox 1029 1309 1098 1376; x_wconf 83' lang='lat' dir='ltr'><strong>laus</strong></span> <span class='ocrx_word' id='word_1_74' title='bbox 1118 1306 1180 1375; x_wconf 86' lang='lat' dir='ltr'><strong>Dei</strong></span> <span class='ocrx_word' id='word_1_75' title='bbox 1200 1334 1279 1375; x_wconf 88' lang='lat' dir='ltr'><strong>cam</strong></span> 
     </span>
    </p>
   </div>
   <div class='ocr_carea' id='block_1_7' title="bbox 210 1410 1389 1505">
    <p class='ocr_par' dir='ltr' id='par_1_7' title="bbox 210 1410 1389 1505">
     <span class='ocr_line' id='line_1_11' title="bbox 210 1410 1389 1505; baseline -0.006 -23"><span class='ocrx_word' id='word_1_76' title='bbox 210 1416 344 1483; x_wconf 85' lang='lat' dir='ltr'><strong>cantico.</strong></span> <span class='ocrx_word' id='word_1_77' title='bbox 394 1413 554 1487; x_wconf 79' lang='lat' dir='ltr'><strong>Quattuor</strong></span> <span class='ocrx_word' id='word_1_78' title='bbox 570 1410 698 1478; x_wconf 84' lang='lat' dir='ltr'><strong>fuerunt</strong></span> <span class='ocrx_word' id='word_1_79' title='bbox 713 1411 902 1501; x_wconf 76' lang='lat' dir='ltr'><strong>principales</strong></span> <span class='ocrx_word' id='word_1_80' title='bbox 919 1423 1046 1477; x_wconf 81' lang='lat' dir='ltr'><strong>autores</strong></span> <span class='ocrx_word' id='word_1_81' title='bbox 1067 1413 1119 1499; x_wconf 88' lang='lat' dir='ltr'><strong>qui</strong></span> <span class='ocrx_word' id='word_1_82' title='bbox 1141 1413 1280 1501; x_wconf 84' lang='lat' dir='ltr'><strong>hymnos</strong></span> <span class='ocrx_word' id='word_1_83' title='bbox 1385 1496 1389 1505; x_wconf 37' lang='grc' dir='ltr'>Ι</span> 
     </span>
    </p>
   </div>
   <div class='ocr_carea' id='block_1_8' title="bbox 210 1514 1284 1911">
    <p class='ocr_par' dir='ltr' id='par_1_8' title="bbox 210 1514 1284 1911">
     <span class='ocr_line' id='line_1_12' title="bbox 210 1514 1280 1606; baseline -0.005 -23"><span class='ocrx_word' id='word_1_84' title='bbox 210 1527 472 1606; x_wconf 80' lang='lat' dir='ltr'><strong>composuerant,</strong></span> <span class='ocrx_word' id='word_1_85' title='bbox 504 1515 702 1602; x_wconf 74' lang='lat' dir='ltr'><strong>Gregorius,</strong></span> <span class='ocrx_word' id='word_1_86' title='bbox 736 1514 947 1591; x_wconf 76' lang='lat' dir='ltr'><strong>Prudentius,</strong></span> <span class='ocrx_word' id='word_1_87' title='bbox 980 1515 1181 1592; x_wconf 83' lang='lat' dir='ltr'><strong>Ambrosius,</strong></span> <span class='ocrx_word' id='word_1_88' title='bbox 1212 1515 1280 1579; x_wconf 82' lang='lat' dir='ltr'><strong>Se·</strong></span> 
     </span>
     <span class='ocr_line' id='line_1_13' title="bbox 211 1613 1282 1704; baseline -0.003 -20"><span class='ocrx_word' id='word_1_89' title='bbox 211 1617 324 1687; x_wconf 84' lang='lat' dir='ltr'><strong>dolius.</strong></span> <span class='ocrx_word' id='word_1_90' title='bbox 382 1615 449 1684; x_wconf 82' lang='lat' dir='ltr'><strong>sed</strong></span> <span class='ocrx_word' id='word_1_91' title='bbox 471 1613 598 1703; x_wconf 84' lang='lat' dir='ltr'><strong>quidam</strong></span> <span class='ocrx_word' id='word_1_92' title='bbox 619 1616 666 1680; x_wconf 86' lang='lat' dir='ltr'><strong>vir</strong></span> <span class='ocrx_word' id='word_1_93' title='bbox 686 1615 825 1704; x_wconf 87' lang='lat' dir='ltr'><strong>prudens</strong></span> <span class='ocrx_word' id='word_1_94' title='bbox 853 1617 979 1681; x_wconf 89' lang='lat' dir='ltr'><strong>nomine</strong></span> <span class='ocrx_word' id='word_1_95' title='bbox 1001 1615 1142 1681; x_wconf 78' lang='lat' dir='ltr'><strong>Hilarius</strong></span> <span class='ocrx_word' id='word_1_96' title='bbox 1158 1615 1282 1681; x_wconf 81' lang='lat' dir='ltr'><strong>&#39;videns</strong></span> 
     </span>
     <span class='ocr_line' id='line_1_14' title="bbox 210 1704 1284 1807; baseline -0.003 -22"><span class='ocrx_word' id='word_1_97' title='bbox 210 1721 281 1787; x_wconf 91' lang='lat' dir='ltr'><strong>lllos</strong></span> <span class='ocrx_word' id='word_1_98' title='bbox 301 1719 416 1793; x_wconf 87' lang='lat' dir='ltr'><strong>multos</strong></span> <span class='ocrx_word' id='word_1_99' title='bbox 439 1717 574 1807; x_wconf 86' lang='lat' dir='ltr'><strong>hymnos</strong></span> <span class='ocrx_word' id='word_1_100' title='bbox 589 1704 822 1805; x_wconf 79' lang='lat' dir='ltr'><strong>composuisse,</strong></span> <span class='ocrx_word' id='word_1_101' title='bbox 844 1717 977 1806; x_wconf 84' lang='lat' dir='ltr'><strong>dignum</strong></span> <span class='ocrx_word' id='word_1_102' title='bbox 993 1716 1082 1784; x_wconf 79' lang='lat' dir='ltr'><strong>duxit</strong></span> <span class='ocrx_word' id='word_1_103' title='bbox 1096 1718 1284 1806; x_wconf 79' lang='lat' dir='ltr'><strong>placuitque</strong></span> 
     </span>
     <span class='ocr_line' id='line_1_15' title="bbox 212 1819 1283 1911; baseline -0.005 -22"><span class='ocrx_word' id='word_1_104' title='bbox 212 1822 366 1911; x_wconf 82' lang='lat' dir='ltr'><strong>quosdam</strong></span> <span class='ocrx_word' id='word_1_105' title='bbox 382 1821 421 1886; x_wconf 85' lang='lat' dir='ltr'><strong>in</strong></span> <span class='ocrx_word' id='word_1_106' title='bbox 442 1843 536 1885; x_wconf 89' lang='lat' dir='ltr'><strong>unum</strong></span> <span class='ocrx_word' id='word_1_107' title='bbox 556 1819 712 1907; x_wconf 80' lang='lat' dir='ltr'><strong>colligere</strong></span> <span class='ocrx_word' id='word_1_108' title='bbox 730 1820 972 1908; x_wconf 85' lang='lat' dir='ltr'><strong>compendiose,</strong></span> <span class='ocrx_word' id='word_1_109' title='bbox 1004 1820 1035 1886; x_wconf 90' lang='lat' dir='ltr'><strong>in</strong></span> <span class='ocrx_word' id='word_1_110' title='bbox 1066 1842 1162 1885; x_wconf 88' lang='lat' dir='ltr'><strong>unum</strong></span> <span class='ocrx_word' id='word_1_111' title='bbox 1189 1842 1283 1885; x_wconf 89' lang='lat' dir='ltr'><strong>com·</strong></span> 
     </span>
    </p>
   </div>
   <div class='ocr_carea' id='block_1_9' title="bbox 213 1919 1400 2113">
    <p class='ocr_par' dir='ltr' id='par_1_9' title="bbox 213 1919 1400 2113">
     <span class='ocr_line' id='line_1_16' title="bbox 213 1919 1285 2016; baseline -0.004 -26"><span class='ocrx_word' id='word_1_112' title='bbox 213 1946 334 2016; x_wconf 88' lang='lat' dir='ltr'><strong>ponere</strong></span> <span class='ocrx_word' id='word_1_113' title='bbox 347 1924 475 1989; x_wconf 81' lang='lat' dir='ltr'><strong>brevem</strong></span> <span class='ocrx_word' id='word_1_114' title='bbox 498 1931 532 1986; x_wconf 89' lang='lat' dir='ltr'><strong>et</strong></span> <span class='ocrx_word' id='word_1_115' title='bbox 545 1921 654 1988; x_wconf 89' lang='lat' dir='ltr'><strong>utilem</strong></span> <span class='ocrx_word' id='word_1_116' title='bbox 677 1933 864 1998; x_wconf 87' lang='lat' dir='ltr'><strong>tractatum,</strong></span> <span class='ocrx_word' id='word_1_117' title='bbox 891 1923 922 1987; x_wconf 95' lang='lat' dir='ltr'><strong>in</strong></span> <span class='ocrx_word' id='word_1_118' title='bbox 953 1943 1017 2010; x_wconf 82' lang='lat' dir='ltr'><strong>quo</strong></span> <span class='ocrx_word' id='word_1_119' title='bbox 1035 1944 1145 1987; x_wconf 87' lang='lat' dir='ltr'><strong>omnes</strong></span> <span class='ocrx_word' id='word_1_120' title='bbox 1168 1919 1285 2010; x_wconf 85' lang='lat' dir='ltr'><strong>hymni</strong></span> 
     </span>
     <span class='ocr_line' id='line_1_17' title="bbox 214 2021 1400 2113; baseline -0.003 -22"><span class='ocrx_word' id='word_1_121' title='bbox 214 2028 371 2093; x_wconf 85' lang='lat' dir='ltr'><strong>luerunt“</strong></span> <span class='ocrx_word' id='word_1_122' title='bbox 416 2023 457 2090; x_wconf 81' lang='lat' dir='ltr'><strong>tn</strong></span> <span class='ocrx_word' id='word_1_123' title='bbox 478 2022 541 2089; x_wconf 85' lang='lat' dir='ltr'><strong>ltoc</strong></span> <span class='ocrx_word' id='word_1_124' title='bbox 559 2021 691 2088; x_wconf 87' lang='lat' dir='ltr'><strong>exordio</strong></span> <span class='ocrx_word' id='word_1_125' title='bbox 710 2023 841 2112; x_wconf 82' lang='lat' dir='ltr'><strong>vestigia</strong></span> <span class='ocrx_word' id='word_1_126' title='bbox 858 2025 1020 2090; x_wconf 85' lang='lat' dir='ltr'><strong>vetustatis</strong></span> <span class='ocrx_word' id='word_1_127' title='bbox 1040 2024 1207 2113; x_wconf 81' lang='lat' dir='ltr'><strong>singularis</strong></span> <span class='ocrx_word' id='word_1_128' title='bbox 1220 2046 1285 2089; x_wconf 83' lang='lat' dir='ltr'><strong>ex·</strong></span> <span class='ocrx_word' id='word_1_129' title='bbox 1399 2052 1400 2061; x_wconf 48' lang='lat'>¹</span> 
     </span>
    </p>
   </div>
   <div class='ocr_carea' id='block_1_10' title="bbox 215 2124 1286 2214">
    <p class='ocr_par' dir='ltr' id='par_1_10' title="bbox 215 2124 1286 2214">
     <span class='ocr_line' id='line_1_18' title="bbox 215 2124 1286 2214; baseline -0.005 -18"><span class='ocrx_word' id='word_1_130' title='bbox 215 2125 395 2196; x_wconf 84' lang='lat' dir='ltr'><strong>stare&#39;mihi</strong></span> <span class='ocrx_word' id='word_1_131' title='bbox 414 2126 609 2191; x_wconf 84' lang='lat' dir='ltr'><strong>videbantur.</strong></span> <span class='ocrx_word' id='word_1_132' title='bbox 673 2125 786 2213; x_wconf 85' lang='lat' dir='ltr'><strong>ltaque</strong></span> <span class='ocrx_word' id='word_1_133' title='bbox 814 2124 863 2191; x_wconf 82' lang='lat' dir='ltr'><strong>vel</strong></span> <span class='ocrx_word' id='word_1_134' title='bbox 893 2126 1029 2191; x_wconf 84' lang='lat' dir='ltr'><strong>maxime</strong></span> <span class='ocrx_word' id='word_1_135' title='bbox 1053 2127 1182 2214; x_wconf 83' lang='lat' dir='ltr'><strong>gavisus</strong></span> <span class='ocrx_word' id='word_1_136' title='bbox 1208 2149 1286 2191; x_wconf 85' lang='lat' dir='ltr'><strong>sum</strong></span> 
     </span>
    </p>
   </div>
   <div class='ocr_carea' id='block_1_11' title="bbox 216 2206 1400 2320">
    <p class='ocr_par' dir='ltr' id='par_1_11' title="bbox 216 2206 1400 2320">
     <span class='ocr_line' id='line_1_19' title="bbox 216 2206 1400 2320; baseline -0.003 -23"><span class='ocrx_word' id='word_1_137' title='bbox 216 2252 312 2320; x_wconf 86' lang='lat' dir='ltr'><strong>quum</strong></span> <span class='ocrx_word' id='word_1_138' title='bbox 339 2225 545 2294; x_wconf 75' lang='lat' dir='ltr'><strong>Gersdorlius</strong></span> <span class='ocrx_word' id='word_1_139' title='bbox 567 2227 624 2292; x_wconf 86' lang='lat' dir='ltr'><strong>Vir</strong></span> <span class='ocrx_word' id='word_1_140' title='bbox 641 2227 738 2293; x_wconf 77' lang='lat' dir='ltr'><strong>Dont</strong></span> <span class='ocrx_word' id='word_1_141' title='bbox 760 2250 800 2293; x_wconf 87' lang='lat' dir='ltr'><strong>ea</strong></span> <span class='ocrx_word' id='word_1_142' title='bbox 820 2250 883 2315; x_wconf 85' lang='lat' dir='ltr'><strong>qua</strong></span> <span class='ocrx_word' id='word_1_143' title='bbox 905 2235 998 2293; x_wconf 91' lang='lat' dir='ltr'><strong>notus</strong></span> <span class='ocrx_word' id='word_1_144' title='bbox 1023 2239 1073 2293; x_wconf 88' lang='lat' dir='ltr'><strong>est</strong></span> <span class='ocrx_word' id='word_1_145' title='bbox 1093 2227 1290 2295; x_wconf 83' lang='lat' dir='ltr'><strong>liberalitate</strong></span> <span class='ocrx_word' id='word_1_146' title='bbox 1399 2206 1400 2221; x_wconf 17' lang='grc' dir='ltr'><strong>ἶ</strong></span> 
     </span>
    </p>
   </div>
   <div class='ocr_carea' id='block_1_12' title="bbox 217 2324 1290 2722">
    <p class='ocr_par' dir='ltr' id='par_1_12' title="bbox 217 2324 1290 2722">
     <span class='ocr_line' id='line_1_20' title="bbox 217 2324 1290 2417; baseline -0.002 -19"><span class='ocrx_word' id='word_1_147' title='bbox 217 2355 257 2398; x_wconf 83' lang='lat' dir='ltr'><strong>ax</strong></span> <span class='ocrx_word' id='word_1_148' title='bbox 283 2330 367 2396; x_wconf 91' lang='lat' dir='ltr'><strong>Bibl.</strong></span> <span class='ocrx_word' id='word_1_149' title='bbox 398 2324 535 2396; x_wconf 85' lang='lat' dir='ltr'><strong>Paulina</strong></span> <span class='ocrx_word' id='word_1_150' title='bbox 568 2328 729 2417; x_wconf 87' lang='lat' dir='ltr'><strong>Lipsiensi</strong></span> <span class='ocrx_word' id='word_1_151' title='bbox 757 2329 898 2395; x_wconf 85' lang='lat' dir='ltr'><strong>codicem</strong></span> <span class='ocrx_word' id='word_1_152' title='bbox 932 2330 1006 2395; x_wconf 78' lang='lat'><strong>720</strong></span> <span class='ocrx_word' id='word_1_153' title='bbox 1034 2330 1067 2395; x_wconf 91' lang='lat' dir='ltr'><strong>in</strong></span> <span class='ocrx_word' id='word_1_154' title='bbox 1093 2352 1157 2417; x_wconf 87' lang='lat' dir='ltr'><strong>quo</strong></span> <span class='ocrx_word' id='word_1_155' title='bbox 1187 2331 1290 2396; x_wconf 83' lang='lat' dir='ltr'><strong>etiarn</strong></span> 
     </span>
     <span class='ocr_line' id='line_1_21' title="bbox 217 2430 1289 2522; baseline 0 -24"><span class='ocrx_word' id='word_1_156' title='bbox 217 2432 483 2522; x_wconf 81' lang='lat' dir='ltr'><strong>„Expositionem</strong></span> <span class='ocrx_word' id='word_1_157' title='bbox 502 2430 679 2497; x_wconf 85' lang='lat' dir='ltr'><strong>himnorum</strong></span> <span class='ocrx_word' id='word_1_158' title='bbox 688 2439 709 2464; x_wconf 89' lang='grc'>“</span> <span class='ocrx_word' id='word_1_159' title='bbox 734 2433 838 2497; x_wconf 87' lang='lat' dir='ltr'><strong>inesse</strong></span> <span class='ocrx_word' id='word_1_160' title='bbox 859 2430 1059 2510; x_wconf 83' lang='lat' dir='ltr'><strong>audiveram,</strong></span> <span class='ocrx_word' id='word_1_161' title='bbox 1084 2433 1158 2499; x_wconf 90' lang='lat' dir='ltr'><strong>mihi</strong></span> <span class='ocrx_word' id='word_1_162' title='bbox 1178 2434 1289 2498; x_wconf 88' lang='lat' dir='ltr'><strong>mitte-</strong></span> 
     </span>
     <span class='ocr_line' id='line_1_22' title="bbox 218 2530 1290 2602; baseline 0 0"><span class='ocrx_word' id='word_1_163' title='bbox 218 2544 278 2602; x_wconf 79' lang='lat' dir='ltr'><strong>ret</strong></span> <span class='ocrx_word' id='word_1_164' title='bbox 328 2534 403 2600; x_wconf 82' lang='lat' dir='ltr'><strong>Mox</strong></span> <span class='ocrx_word' id='word_1_165' title='bbox 434 2531 516 2597; x_wconf 88' lang='lat' dir='ltr'><strong>euim</strong></span> <span class='ocrx_word' id='word_1_166' title='bbox 541 2530 681 2598; x_wconf 82' lang='lat' dir='ltr'><strong>intellexi</strong></span> <span class='ocrx_word' id='word_1_167' title='bbox 713 2532 775 2598; x_wconf 85' lang='lat' dir='ltr'><strong>hoc</strong></span> <span class='ocrx_word' id='word_1_168' title='bbox 804 2534 834 2598; x_wconf 90' lang='lat' dir='ltr'><strong>in</strong></span> <span class='ocrx_word' id='word_1_169' title='bbox 863 2533 975 2600; x_wconf 86' lang='lat' dir='ltr'><strong>codice</strong></span> <span class='ocrx_word' id='word_1_170' title='bbox 1000 2533 1142 2601; x_wconf 86' lang='lat' dir='ltr'><strong>exhiberi</strong></span> <span class='ocrx_word' id='word_1_171' title='bbox 1167 2534 1290 2602; x_wconf 82' lang='lat' dir='ltr'><strong>Hilarii</strong></span> 
     </span>
     <span class='ocr_line' id='line_1_23' title="bbox 221 2623 1290 2722; baseline -0.002 -18"><span class='ocrx_word' id='word_1_172' title='bbox 221 2623 318 2704; x_wconf 79' lang='lat' dir='ltr'><strong>nostri</strong></span> <span class='ocrx_word' id='word_1_173' title='bbox 340 2633 616 2712; x_wconf 87' lang='lat' dir='ltr'><strong>commentarium,</strong></span> <span class='ocrx_word' id='word_1_174' title='bbox 644 2656 739 2722; x_wconf 88' lang='lat' dir='ltr'><strong>quem</strong></span> <span class='ocrx_word' id='word_1_175' title='bbox 768 2644 857 2701; x_wconf 85' lang='lat' dir='ltr'><strong>certe</strong></span> <span class='ocrx_word' id='word_1_176' title='bbox 881 2637 974 2702; x_wconf 87' lang='lat' dir='ltr'><strong>tertio</strong></span> <span class='ocrx_word' id='word_1_177' title='bbox 1004 2635 1130 2702; x_wconf 86' lang='lat' dir='ltr'><strong>decimo</strong></span> <span class='ocrx_word' id='word_1_178' title='bbox 1152 2636 1290 2705; x_wconf 89' lang='lat' dir='ltr'><strong>saeculo</strong></span> 
     </span>
    </p>
   </div>
   <div class='ocr_carea' id='block_1_13' title="bbox 220 2737 1351 2829">
    <p class='ocr_par' dir='ltr' id='par_1_13' title="bbox 220 2737 1351 2829">
     <span class='ocr_line' id='line_1_24' title="bbox 220 2737 1351 2829; baseline 0 -23"><span class='ocrx_word' id='word_1_179' title='bbox 220 2738 428 2829; x_wconf 90' lang='lat' dir='ltr'><strong>compositum</strong></span> <span class='ocrx_word' id='word_1_180' title='bbox 447 2758 530 2802; x_wconf 84' lang='lat' dir='ltr'><strong>esse</strong></span> <span class='ocrx_word' id='word_1_181' title='bbox 553 2758 594 2801; x_wconf 88' lang='lat' dir='ltr'><strong>ex</strong></span> <span class='ocrx_word' id='word_1_182' title='bbox 613 2746 718 2802; x_wconf 84' lang='lat' dir='ltr'><strong>aetate</strong></span> <span class='ocrx_word' id='word_1_183' title='bbox 738 2737 856 2803; x_wconf 90' lang='lat' dir='ltr'><strong>codicis</strong></span> <span class='ocrx_word' id='word_1_184' title='bbox 877 2739 1030 2828; x_wconf 89' lang='lat' dir='ltr'><strong>suspicari</strong></span> <span class='ocrx_word' id='word_1_185' title='bbox 1055 2737 1138 2805; x_wconf 73' lang='lat' dir='ltr'><strong>licet</strong></span> <span class='ocrx_word' id='word_1_186' title='bbox 1189 2737 1291 2806; x_wconf 86' lang='lat' dir='ltr'><strong>Hila·</strong></span> <span class='ocrx_word' id='word_1_187' title='bbox 1342 2755 1351 2764; x_wconf 83' lang='grc'><strong><em>’</em></strong></span> 
     </span>
    </p>
   </div>
   <div class='ocr_carea' id='block_1_14' title="bbox 220 2837 1291 3030">
    <p class='ocr_par' dir='ltr' id='par_1_14' title="bbox 220 2837 1291 3030">
     <span class='ocr_line' id='line_1_25' title="bbox 221 2837 1291 2934; baseline 0.002 -27"><span class='ocrx_word' id='word_1_188' title='bbox 221 2842 285 2908; x_wconf 89' lang='lat' dir='ltr'><strong>rius</strong></span> <span class='ocrx_word' id='word_1_189' title='bbox 304 2839 358 2906; x_wconf 90' lang='lat' dir='ltr'><strong>ille</strong></span> <span class='ocrx_word' id='word_1_190' title='bbox 382 2838 509 2934; x_wconf 86' lang='lat' dir='ltr'><strong>quando</strong></span> <span class='ocrx_word' id='word_1_191' title='bbox 537 2837 648 2904; x_wconf 75' lang='lat' dir='ltr'><strong>vixerit</strong></span> <span class='ocrx_word' id='word_1_192' title='bbox 670 2850 703 2903; x_wconf 89' lang='lat' dir='ltr'><strong>et</strong></span> <span class='ocrx_word' id='word_1_193' title='bbox 725 2839 794 2927; x_wconf 87' lang='lat' dir='ltr'><strong>quis</strong></span> <span class='ocrx_word' id='word_1_194' title='bbox 814 2840 908 2907; x_wconf 88' lang='lat' dir='ltr'><strong>luerit</strong></span> <span class='ocrx_word' id='word_1_195' title='bbox 938 2851 971 2908; x_wconf 92' lang='lat' dir='ltr'><strong>et</strong></span> <span class='ocrx_word' id='word_1_196' title='bbox 992 2863 1073 2929; x_wconf 86' lang='lat' dir='ltr'><strong>quae</strong></span> <span class='ocrx_word' id='word_1_197' title='bbox 1094 2840 1199 2930; x_wconf 89' lang='lat' dir='ltr'><strong>operis</strong></span> <span class='ocrx_word' id='word_1_198' title='bbox 1215 2839 1291 2909; x_wconf 89' lang='lat' dir='ltr'><strong>eius</strong></span> 
     </span>
     <span class='ocr_line' id='line_1_26' title="bbox 220 2936 850 3030; baseline -0.003 -21"><span class='ocrx_word' id='word_1_199' title='bbox 220 2941 301 3009; x_wconf 87' lang='lat' dir='ltr'><strong>ratio</strong></span> <span class='ocrx_word' id='word_1_200' title='bbox 322 2941 362 3010; x_wconf 89' lang='lat' dir='ltr'><strong>sit</strong></span> <span class='ocrx_word' id='word_1_201' title='bbox 383 2940 464 3006; x_wconf 86' lang='lat' dir='ltr'><strong>inira</strong></span> <span class='ocrx_word' id='word_1_202' title='bbox 482 2939 711 3030; x_wconf 87' lang='lat' dir='ltr'><strong>disputabimus</strong></span> <span class='ocrx_word' id='word_1_203' title='bbox 736 2936 850 3030; x_wconf 81' lang='lat' dir='ltr'><strong>(Hit.)</strong></span> 
     </span>
    </p>
   </div>
   <div class='ocr_carea' id='block_1_15' title="bbox 317 3141 1296 3238">
    <p class='ocr_par' dir='ltr' id='par_1_15' title="bbox 317 3141 1296 3238">
     <span class='ocr_line' id='line_1_27' title="bbox 317 3141 1296 3238; baseline 0.005 -27"><span class='ocrx_word' id='word_1_204' title='bbox 317 3141 379 3234; x_wconf 90' lang='lat'><strong>11)</strong></span> <span class='ocrx_word' id='word_1_205' title='bbox 403 3145 527 3234; x_wconf 72' lang='lat' dir='ltr'><strong>Hpruur&#39;</strong></span> <span class='ocrx_word' id='word_1_206' title='bbox 546 3143 589 3211; x_wconf 83' lang='lat' dir='ltr'><strong>rie</strong></span> <span class='ocrx_word' id='word_1_207' title='bbox 600 3149 741 3235; x_wconf 75' lang='lat' dir='ltr'><strong>tempore</strong></span> <span class='ocrx_word' id='word_1_208' title='bbox 760 3149 792 3212; x_wconf 87' lang='lat' dir='ltr'><strong>el</strong></span> <span class='ocrx_word' id='word_1_209' title='bbox 807 3145 850 3213; x_wconf 80' lang='lat' dir='ltr'><strong>sle</strong></span> <span class='ocrx_word' id='word_1_210' title='bbox 865 3150 991 3214; x_wconf 82' lang='lat' dir='ltr'><strong>sanclis</strong></span> <span class='ocrx_word' id='word_1_211' title='bbox 1008 3150 1046 3213; x_wconf 84' lang='lat' dir='ltr'><strong>in</strong></span> <span class='ocrx_word' id='word_1_212' title='bbox 1066 3170 1135 3214; x_wconf 84' lang='lat' dir='ltr'><strong>eum</strong></span> <span class='ocrx_word' id='word_1_213' title='bbox 1144 3145 1296 3238; x_wconf 81' lang='lat' dir='ltr'><strong>sormam</strong></span> 
     </span>
    </p>
   </div>
   <div class='ocr_carea' id='block_1_16' title="bbox 223 3247 1400 3443">
    <p class='ocr_par' dir='ltr' id='par_1_16' title="bbox 223 3247 1400 3443">
     <span class='ocr_line' id='line_1_28' title="bbox 223 3247 1294 3344; baseline 0.006 -31"><span class='ocrx_word' id='word_1_214' title='bbox 223 3269 289 3337; x_wconf 80' lang='lat' dir='ltr'><strong>pao</strong></span> <span class='ocrx_word' id='word_1_215' title='bbox 312 3250 420 3314; x_wconf 80' lang='lat' dir='ltr'><strong>osuio</strong></span> <span class='ocrx_word' id='word_1_216' title='bbox 443 3247 609 3314; x_wconf 77' lang='lat' dir='ltr'><strong>autoribus</strong></span> <span class='ocrx_word' id='word_1_217' title='bbox 621 3251 738 3337; x_wconf 80' lang='lat' dir='ltr'><strong>scripti</strong></span> <span class='ocrx_word' id='word_1_218' title='bbox 754 3253 832 3315; x_wconf 85' lang='lat' dir='ltr'><strong>suut</strong></span> <span class='ocrx_word' id='word_1_219' title='bbox 852 3250 956 3316; x_wconf 76' lang='lat' dir='ltr'><strong>denuo</strong></span> <span class='ocrx_word' id='word_1_220' title='bbox 975 3250 1103 3344; x_wconf 59' lang='lat' dir='ltr'><strong>reflecti</strong></span> <span class='ocrx_word' id='word_1_221' title='bbox 1127 3255 1160 3317; x_wconf 86' lang='lat' dir='ltr'><strong>el</strong></span> <span class='ocrx_word' id='word_1_222' title='bbox 1174 3273 1294 3317; x_wconf 80' lang='lat' dir='ltr'><strong>secura-</strong></span> 
     </span>
     <span class='ocr_line' id='line_1_29' title="bbox 225 3350 1400 3443; baseline 0.002 -26"><span class='ocrx_word' id='word_1_223' title='bbox 225 3350 303 3417; x_wconf 81' lang='lat' dir='ltr'><strong>dum</strong></span> <span class='ocrx_word' id='word_1_224' title='bbox 331 3350 432 3439; x_wconf 79' lang='lat' dir='ltr'><strong>legem</strong></span> <span class='ocrx_word' id='word_1_225' title='bbox 460 3351 614 3416; x_wconf 84' lang='lat' dir='ltr'><strong>cormiuis</strong></span> <span class='ocrx_word' id='word_1_226' title='bbox 636 3350 811 3439; x_wconf 79' lang='lat' dir='ltr'><strong>diligenter</strong></span> <span class='ocrx_word' id='word_1_227' title='bbox 831 3353 992 3418; x_wconf 70' lang='lat' dir='ltr'><strong>uoeurlml</strong></span> <span class='ocrx_word' id='word_1_228' title='bbox 1015 3356 1114 3440; x_wconf 82' lang='lat' dir='ltr'><strong>alque</strong></span> <span class='ocrx_word' id='word_1_229' title='bbox 1128 3354 1292 3443; x_wconf 80' lang='lat' dir='ltr'><strong>iuterpre-</strong></span> <span class='ocrx_word' id='word_1_230' title='bbox 1399 3355 1400 3406; x_wconf 65' lang='grc' dir='ltr'>ἶ</span> 
     </span>
    </p>
   </div>
   <div class='ocr_carea' id='block_1_17' title="bbox 223 3451 1293 3544">
    <p class='ocr_par' dir='ltr' id='par_1_17' title="bbox 223 3451 1293 3544">
     <span class='ocr_line' id='line_1_30' title="bbox 223 3451 1293 3544; baseline 0 -24"><span class='ocrx_word' id='word_1_231' title='bbox 223 3452 298 3521; x_wconf 75' lang='lat' dir='ltr'><strong>tart.</strong></span> <span class='ocrx_word' id='word_1_232' title='bbox 318 3501 325 3513; x_wconf 38' lang='lat' dir='ltr'>x</span> <span class='ocrx_word' id='word_1_233' title='bbox 348 3452 443 3519; x_wconf 83' lang='lat' dir='ltr'><strong>Auuo</strong></span> <span class='ocrx_word' id='word_1_234' title='bbox 464 3453 587 3519; x_wconf 81' lang='lat' dir='ltr'><strong>domini</strong></span> <span class='ocrx_word' id='word_1_235' title='bbox 606 3451 773 3520; x_wconf 75' lang='lat' dir='ltr'><strong>Mum.</strong></span> <span class='ocrx_word' id='word_1_236' title='bbox 803 3452 841 3518; x_wconf 91' lang='lat' dir='ltr'><strong>ln</strong></span> <span class='ocrx_word' id='word_1_237' title='bbox 855 3455 944 3520; x_wconf 86' lang='lat' dir='ltr'><strong>calce</strong></span> <span class='ocrx_word' id='word_1_238' title='bbox 960 3455 1031 3520; x_wconf 89' lang='lat' dir='ltr'><strong>libri</strong></span> <span class='ocrx_word' id='word_1_239' title='bbox 1052 3454 1190 3543; x_wconf 82' lang='lat' dir='ltr'><strong>legitur:</strong></span> <span class='ocrx_word' id='word_1_240' title='bbox 1216 3455 1293 3544; x_wconf 69' lang='lat' dir='ltr'><strong>Hy-</strong></span> 
     </span>
    </p>
   </div>
   <div class='ocr_carea' id='block_1_18' title="bbox 200 3554 1292 3648">
    <p class='ocr_par' dir='ltr' id='par_1_18' title="bbox 200 3547 1400 3648">
     <span class='ocr_line' id='line_1_31' title="bbox 200 3554 1292 3648; baseline 0.003 -26"><span class='ocrx_word' id='word_1_241' title='bbox 200 3558 309 3622; x_wconf 70' lang='lat' dir='ltr'><strong>1suuis</strong></span> <span class='ocrx_word' id='word_1_242' title='bbox 336 3578 397 3646; x_wconf 88' lang='lat' dir='ltr'><strong>per</strong></span> <span class='ocrx_word' id='word_1_243' title='bbox 422 3557 503 3621; x_wconf 84' lang='lat' dir='ltr'><strong>anui</strong></span> <span class='ocrx_word' id='word_1_244' title='bbox 524 3554 681 3628; x_wconf 67' lang='lat' dir='ltr'><strong>,circulum</strong></span> <span class='ocrx_word' id='word_1_245' title='bbox 710 3556 948 3622; x_wconf 80' lang='lat' dir='ltr'><strong>occurrentibus</strong></span> <span class='ocrx_word' id='word_1_246' title='bbox 978 3556 1085 3623; x_wconf 84' lang='lat' dir='ltr'><strong>latino</strong></span> <span class='ocrx_word' id='word_1_247' title='bbox 1113 3580 1184 3623; x_wconf 88' lang='lat' dir='ltr'><strong>cum</strong></span> <span class='ocrx_word' id='word_1_248' title='bbox 1206 3580 1292 3648; x_wconf 21' lang='lat' dir='ltr'><strong>(ersu-</strong></span> 
     </span>
    </p>
   </div>
   <div class='ocr_carea' id='block_1_19' title="bbox 225 3656 1294 3750">
    <p class='ocr_par' dir='ltr' id='par_1_19' title="bbox 225 3656 1294 3750">
     <span class='ocr_line' id='line_1_32' title="bbox 225 3656 1294 3750; baseline 0.004 -26"><span class='ocrx_word' id='word_1_249' title='bbox 225 3657 383 3725; x_wconf 84' lang='lat' dir='ltr'><strong>cleotiooe</strong></span> <span class='ocrx_word' id='word_1_250' title='bbox 419 3657 586 3725; x_wconf 79' lang='lat' dir='ltr'><strong>adiunctis</strong></span> <span class='ocrx_word' id='word_1_251' title='bbox 617 3656 803 3748; x_wconf 81' lang='lat' dir='ltr'><strong>difficilium</strong></span> <span class='ocrx_word' id='word_1_252' title='bbox 836 3658 1057 3724; x_wconf 83' lang='lat' dir='ltr'><strong>clausularum</strong></span> <span class='ocrx_word' id='word_1_253' title='bbox 1080 3659 1294 3750; x_wconf 66' lang='lat' dir='ltr'><strong>significatis.</strong></span> 
     </span>
    </p>
   </div>
   <div class='ocr_carea' id='block_1_20' title="bbox 224 3760 1400 3856">
    <p class='ocr_par' dir='ltr' id='par_1_20' title="bbox 224 3760 1400 3856">
     <span class='ocr_line' id='line_1_33' title="bbox 224 3760 1400 3856; baseline 0.003 -31"><span class='ocrx_word' id='word_1_254' title='bbox 224 3762 369 3826; x_wconf 67' lang='lat' dir='ltr'><strong>extrem</strong></span> <span class='ocrx_word' id='word_1_255' title='bbox 403 3762 559 3851; x_wconf 84' lang='lat' dir='ltr'><strong>oppositu</strong></span> <span class='ocrx_word' id='word_1_256' title='bbox 587 3765 637 3826; x_wconf 87' lang='lat' dir='ltr'><strong>est</strong></span> <span class='ocrx_word' id='word_1_257' title='bbox 661 3783 787 3827; x_wconf 83' lang='lat' dir='ltr'><strong>marsus.</strong></span> <span class='ocrx_word' id='word_1_258' title='bbox 845 3761 1065 3851; x_wconf 79' lang='lat' dir='ltr'><strong>Argentoroco</strong></span> <span class='ocrx_word' id='word_1_259' title='bbox 1091 3763 1127 3827; x_wconf 86' lang='lat' dir='ltr'><strong>iu</strong></span> <span class='ocrx_word' id='word_1_260' title='bbox 1142 3760 1297 3828; x_wconf 75' lang='lat' dir='ltr'><strong>lucrosis</strong></span> <span class='ocrx_word' id='word_1_261' title='bbox 1399 3811 1400 3856; x_wconf 55' lang='lat' dir='ltr'><strong>t</strong></span> 
     </span>
    </p>
   </div>
   <div class='ocr_carea' id='block_1_21' title="bbox 152 3859 1298 4055">
    <p class='ocr_par' dir='ltr' id='par_1_21' title="bbox 152 3859 1298 4055">
     <span class='ocr_line' id='line_1_34' title="bbox 152 3859 1293 3958; baseline 0.004 -31"><span class='ocrx_word' id='word_1_262' title='bbox 152 3886 154 3890; x_wconf 89' lang='lat'>·</span> <span class='ocrx_word' id='word_1_263' title='bbox 223 3859 414 3928; x_wconf 80' lang='lat' dir='ltr'><strong>Kuollouclr</strong></span> <span class='ocrx_word' id='word_1_264' title='bbox 438 3862 648 3958; x_wconf 70' lang='lat' dir='ltr'><strong>calcographi</strong></span> <span class='ocrx_word' id='word_1_265' title='bbox 673 3863 789 3929; x_wconf 77' lang='lat' dir='ltr'><strong>edibus</strong></span> <span class='ocrx_word' id='word_1_266' title='bbox 814 3863 952 3929; x_wconf 77' lang='lat' dir='ltr'><strong>huruuua</strong></span> <span class='ocrx_word' id='word_1_267' title='bbox 971 3864 1204 3951; x_wconf 81' lang='lat' dir='ltr'><strong>redemptionis</strong></span> <span class='ocrx_word' id='word_1_268' title='bbox 1230 3868 1293 3932; x_wconf 78' lang='lat' dir='ltr'><strong>etc.</strong></span> 
     </span>
     <span class='ocr_line' id='line_1_35' title="bbox 225 3962 1298 4055; baseline 0.003 -25"><span class='ocrx_word' id='word_1_269' title='bbox 225 3964 396 4030; x_wconf 75' lang='lat' dir='ltr'><strong>Auctorem</strong></span> <span class='ocrx_word' id='word_1_270' title='bbox 420 3984 457 4030; x_wconf 79' lang='lat' dir='ltr'><strong>se</strong></span> <span class='ocrx_word' id='word_1_271' title='bbox 480 3962 620 4053; x_wconf 85' lang='lat' dir='ltr'><strong>appellat</strong></span> <span class='ocrx_word' id='word_1_272' title='bbox 638 3965 669 4030; x_wconf 88' lang='lat' dir='ltr'><strong>in</strong></span> <span class='ocrx_word' id='word_1_273' title='bbox 692 3966 856 4055; x_wconf 89' lang='lat' dir='ltr'><strong>prooemio</strong></span> <span class='ocrx_word' id='word_1_274' title='bbox 877 3964 1014 4032; x_wconf 85' lang='lat' dir='ltr'><strong>Iacobus</strong></span> <span class='ocrx_word' id='word_1_275' title='bbox 1036 3964 1298 4054; x_wconf 81' lang='lat' dir='ltr'><strong>Wimphelingus</strong></span> 
     </span>
    </p>
   </div>
   <div class='ocr_carea' id='block_1_22' title="bbox 226 4058 1296 4260">
    <p class='ocr_par' dir='ltr' id='par_1_22' title="bbox 226 4058 1296 4260">
     <span class='ocr_line' id='line_1_36' title="bbox 226 4058 1296 4157; baseline 0.004 -25"><span class='ocrx_word' id='word_1_276' title='bbox 226 4064 428 4133; x_wconf 73' lang='lat' dir='ltr'><strong>Bletstatinus</strong></span> <span class='ocrx_word' id='word_1_277' title='bbox 447 4059 503 4157; x_wconf 87' lang='lat'><strong>(†</strong></span> <span class='ocrx_word' id='word_1_278' title='bbox 530 4058 670 4153; x_wconf 79' lang='lat'>1528):</span> <span class='ocrx_word' id='word_1_279' title='bbox 692 4090 799 4134; x_wconf 89' lang='lat' dir='ltr'><strong>verum</strong></span> <span class='ocrx_word' id='word_1_280' title='bbox 823 4067 909 4156; x_wconf 85' lang='lat' dir='ltr'><strong>quod</strong></span> <span class='ocrx_word' id='word_1_281' title='bbox 936 4067 1103 4135; x_wconf 88' lang='lat' dir='ltr'><strong>sciamriri</strong></span> <span class='ocrx_word' id='word_1_282' title='bbox 1116 4067 1203 4134; x_wconf 87' lang='lat' dir='ltr'><strong>docti</strong></span> <span class='ocrx_word' id='word_1_283' title='bbox 1234 4071 1296 4157; x_wconf 89' lang='lat' dir='ltr'><strong>qui</strong></span> 
     </span>
     <span class='ocr_line' id='line_1_37' title="bbox 226 4165 1295 4260; baseline 0.009 -28"><span class='ocrx_word' id='word_1_284' title='bbox 226 4166 454 4257; x_wconf 78' lang='lat' dir='ltr'><strong>Wimpielingii</strong></span> <span class='ocrx_word' id='word_1_285' title='bbox 481 4165 579 4234; x_wconf 84' lang='lat' dir='ltr'><strong>libros</strong></span> <span class='ocrx_word' id='word_1_286' title='bbox 597 4181 784 4238; x_wconf 85' lang='lat' dir='ltr'><strong>enumerant</strong></span> <span class='ocrx_word' id='word_1_287' title='bbox 809 4168 1029 4260; x_wconf 87' lang='lat' dir='ltr'><strong>huius-operis</strong></span> <span class='ocrx_word' id='word_1_288' title='bbox 1046 4191 1119 4240; x_wconf 53' lang='lat' dir='ltr'><strong>*non</strong></span> <span class='ocrx_word' id='word_1_289' title='bbox 1145 4171 1295 4242; x_wconf 84' lang='lat' dir='ltr'><strong>inliciunt</strong></span> 
     </span>
    </p>
   </div>
   <div class='ocr_carea' id='block_1_23' title="bbox 0 0 1441 4850">
    <p class='ocr_par' dir='ltr' id='par_1_23' title="bbox 0 0 1441 4850">
     <span class='ocr_line' id='line_1_38' title="bbox 0 0 1441 4850; baseline 0 0"><span class='ocrx_word' id='word_1_290' title='bbox 0 0 1441 4850; x_wconf 95' lang='lat' dir='ltr'><strong> </strong></span> 
     </span>
    </p>
   </div>
  </div>
 </body>
</html>
