2809 4850
707 426 772 501 68

703 613 777 681 cn.
859 666 862 670 .
985 588 991 637 ³

564 756 713 843 Hymen
733 760 922 820 nutritione.

143 948 149 955 .
202 892 269 961 Diei
290 892 355 955 ture
376 888 486 953 redditu
766 886 850 951 Absit
870 884 978 952 nastris
999 908 1038 953 cx
1058 886 1194 951 cordibus

201 977 313 1041 Primis
325 984 390 1058 post
406 992 540 1037 sumnum
554 969 672 1035 roribus
766 972 829 1051 ira,
850 972 950 1052 deins,
969 974 1124 1053 snperbia,

206 1062 259 1124 Dei
280 1079 421 1123 canamus
441 1057 567 1140 giarium
766 1058 897 1120 Adsistit
916 1058 1056 1136 avaritia,

204 1145 314 1211 Christi
335 1144 450 1211 furente
470 1141 574 1224 gratia.
766 1141 916 1205 undamn
936 1143 1023 1204 radix
1044 1140 1182 1207 omniun.

204 1315 263 1378 Per
284 1332 369 1395 quem
391 1319 504 1373 creator
524 1306 653 1370 omnium
694 1308 716 1369 5
766 1307 874 1372 Vinum
887 1316 1012 1370 mentem
1023 1329 1082 1372 non
1102 1317 1222 1389 occupet
1235 1308 1282 1371 25
1400 1310 1401 1313 ’

204 1397 291 1461 Diem
311 1405 481 1476 nonumque
501 1392 642 1472 condidit,
766 1394 916 1455 Ebrietate
937 1393 1067 1474 perpeti,

202 1485 332 1546 Aeternn
353 1481 420 1561 lega
440 1477 592 1555 sanciens,
767 1478 825 1539 Sed
839 1491 936 1539 nostra
950 1478 1048 1540 sensui
1070 1486 1236 1557 competens

203 1566 245 1630 Ut
267 1584 384 1647 semper
401 1563 554 1628 snceadant
574 1558 642 1624 sibi.
766 1563 866 1625 Tuum
888 1562 1020 1627 fidamus
1039 1563 1187 1645 poculum.

204 1728 255 1796 'l'u
274 1751 345 1795 scra
364 1733 418 1794 lux
437 1730 582 1806 fidelium,
766 1730 926 1793 Conscrret
946 1730 1028 1811 pacis
1048 1731 1167 1795 foedera

99 1884 108 1887 ,
205 1817 555 1894 Quemiexrctemanon
571 1819 661 1888 tenet,
676 1810 716 1877 10
765 1817 833 1878 Non
853 1816 991 1879 simulata
1011 1815 1138 1896 ceritas,
1237 1813 1285 1882 30

205 1900 326 1964 Noctem
346 1921 401 1961 nee
421 1909 485 1962 ortu
506 1899 662 1961 succedens
766 1901 824 1961 Sed
846 1900 959 1962 illibata
980 1901 1098 1963 castitas
1154 1944 1157 1949 -

25 2040 27 2043 ,
123 2052 145 2069 Ἰ,
205 1988 330 2049 Aetcnne
351 1985 469 2066 fulgens
490 1982 610 2046 iumine.
768 1984 944 2049 credulitate
966 1985 1089 2068 perpati.
1161 2014 1165 2019 ·

199 2152 321 2217 ‘Christe
341 2172 495 2234 precamur
516 2170 611 2215 annue
647 2152 653 2162 '
767 2153 912 2217 diluendis
933 2175 991 2216 non
1013 2153 1051 2216 sit
1071 2150 1201 2235 praediis

205 2239 363 2302 Orantibus
382 2237 477 2300 serris
497 2237 557 2301 tuis
767 2238 940 2299 Maiesuada
959 2256 1075 2319 semper
1096 2239 1205 2316 sames,

151 2360 158 2367 a
182 2322 344 2402 ‘iniqnitas
366 2323 438 2383 haee
461 2319 572 2383 saeculi
676 2320 716 2383 15
768 2322 802 2383 Si
823 2322 944 2387 asdunnt
962 2322 1079 2385 divitiae
1218 2321 1285 2401 Ι35

203 2405 250 2470 Na
268 2416 399 2468 nostram
420 2405 544 2486 captivet
565 2404 661 2472 iidem.
767 2407 929 2488 Prophetae
942 2429 995 2472 nos
1008 2409 1141 2490 psalmus
1153 2417 1248 2489 regat.

205 2572 271 2637 Non
292 2570 454 2653 cogitemus
475 2570 579 2654 impie,
646 2598 659 2622 ·
766 2572 888 2637 Praesta
908 2583 990 2656 pater
1006 2576 1152 2666 ingenite,

204 2656 390 2720 Inrideamus
410 2656 536 2735 nemini,
767 2659 875 2721 'l'aurm
897 2661 1036 2725 ducamus
1057 2662 1165 2743 ingiter

203 2741 291 2805 Laeni
314 2761 352 2803 ne
373 2742 526 2804 reddamus
547 2739 638 2803 ricem
767 2741 884 2805 Christo
897 2745 1044 2825 placentes
1062 2747 1141 2809 hune
1157 2744 1234 2808 diem

202 2826 362 2889 Vincamus
380 2824 413 2887 in
435 2826 510 2888 bono
530 2826 649 2892 inuium.
670 2824 715 2892 20
765 2825 871 2890 Sancto
892 2830 996 2911 repleti
1016 2831 1132 2913 spiritu.
1233 2829 1284 2897 40

657 2981 792 2988 ...q—...u
801 2983 826 2988 w..

286 3061 445 3141 Reperitnr
469 3062 502 3124 in
531 3060 603 3125 cod.
639 3062 674 3127 0.
709 3073 737 3125 et
764 3062 795 3126 in
815 3062 976 3146 Hymnario
1005 3066 1158 3130 Thornnsdi
1191 3066 1281 3142 „diei

201 3146 420 3222 sabbati‘fi—
459 3146 489 3210 4.
518 3146 626 3209 Thnm.
662 3148 833 3218 fatentes
862 3152 1037 3230 gratiam.
1098 3152 1147 3214 10.
1167 3152 1283 3218 Tuom.

201 3239 368 3294 aeterna.
412 3233 463 3295 ll.
484 3232 593 3295 Tironi.
619 3250 688 3294 nec
715 3243 820 3316 ortus
846 3235 1036 3303 occidens.
1076 3237 1129 3301 24.
1151 3237 1174 3301 Ι.
1196 3237 1281 3303 Tim.

201 3314 255 3393 vd,
280 3314 347 3381 10.:
374 3328 454 3378 radix
473 3327 585 3377 amnium
602 3323 730 3376 molernum
751 3338 788 3377 eet
804 3330 944 3397 trepiditas.

594 3533 894 3550 *tumn-...u-

649 3811 652 3815 Δ
693 3764 785 3834 LXI.

560 3903 710 3988 Hyameia
730 3912 917 3975 mundiora.

198 4028 278 4090 Dens
298 4031 407 4094 oeterni
428 4034 547 4098 luminis
565 4097 570 4104 ,
705 4103 708 4114 f
760 4042 809 4103 'l'n
831 4062 956 4122 regnum
976 4042 1123 4108 coeloram
1147 4049 1232 4110 tenes
1255 4048 1282 4109 5

196 4111 313 4176 Candor
332 4116 558 4196 inenarrabilis,
758 4127 797 4188 Et
820 4136 896 4188 totus
916 4128 946 4189 in
968 4129 1057 4189 verbo
1079 4139 1108 4191 tn
1132 4149 1182 4208 es,

195 4195 340 4295 venturus
360 4201 416 4262 diei
438 4200 526 4265 iudex
757 4210 815 4272 Per
833 4210 925 4275 utinm
948 4223 1051 4278 cuncta
1072 4213 1171 4295 regis,

57 4337 63 4344 „
192 4282 249 4358 Qun
273 4286 378 4348 mentis
399 4286 512 4351 occuito
534 4286 624 4352 rides.
756 4295 863 4358 Sancto
885 4296 1008 4379 Spiritui
1031 4299 1097 4362 sans
1119 4319 1163 4364 es.
