2809 4850
547 404 645 491 tao

62 592 192 656 aaronica
227 593 411 654 antecedente
445 590 626 657 incessimus.
684 593 823 655 Nostmm
856 614 916 655 non
949 601 993 658 est
1026 597 1129 678 exple·

61 698 138 757 rare,
165 688 328 753 auctorem,
375 679 425 737 sed
460 680 613 758 explorare
648 680 761 759 tempos
787 699 825 740 ex
855 700 911 759 qno
947 700 1064 742 carmen
1099 683 1130 743 in

16 802 26 817 s
63 763 294 826 ecclesiasticum
327 780 410 822 usum
446 774 592 841 receptam
625 764 673 825 sit.
702 796 744 810 -
790 763 920 826 Primam
958 766 1128 829 testimoniis

62 860 109 912 sat
135 848 288 909 luculentis
315 847 458 907 Mohnilrii
481 848 632 926 diligentia
654 848 866 927 comprobavit,
895 850 1063 919 Prosama
1084 853 1131 914 la·

60 932 168 996 uotiuis
190 926 251 993 illis
272 934 488 1011 grassatoribus
507 935 685 995 decantatam
706 946 779 993 esse*
792 935 839 1012 qni
854 936 907 993 snb
921 934 1130 998 [dealbatorum

61 1018 180 1081 nomino
201 1020 279 1077 circa
299 1018 385 1077 finem
411 1014 492 1079 saee'
510 1018 586 1081 xlv.
609 1040 661 1098 por
684 1018 795 1078 ltaliam
827 1018 1009 1097 potissimum
1037 1039 1130 1100 rega·
1218 1032 1222 1047 ⁸

61 1106 177 1166 bantur.
200 1104 309 1164 Narrat
327 1104 543 1163 Antoninus
563 1103 813 1164 Florentinns
835 1104 867 1183 (†
885 1103 981 1183 1150)
996 1104 1025 1164 in
1040 1105 1132 1166 Sum·

61 1206 112 1251 ma
140 1187 292 1249 ilistoriali
319 1188 354 1246 ad
382 1204 489 1248 cunum
506 1187 602 1249 ’1389
623 1190 710 1251 haer:
738 1187 943 1265 „incredibilis
969 1189 1130 1251 devotionis

62 1270 168 1335 ardore
203 1274 292 1352 longa
328 1272 429 1333 horam
465 1273 662 1334 dealbatorum
696 1271 816 1351 agmina
848 1275 884 1332 ad
916 1271 1015 1334 renas
1041 1272 1132 1336 nrbes

62 1359 278 1433 commeabant,
307 1357 560 1437 processionaliter
587 1358 645 1418 bini
675 1366 843 1437 pergentes,
872 1368 990 1437 parom,
1014 1357 1130 1419 miseri-

62 1442 209 1519 cordiam,
240 1441 364 1524 supplici
391 1442 517 1502 elamore
547 1460 634 1523 saepo
666 1443 821 1502 clamantia
849 1460 884 1502 ae
904 1443 1005 1504 landes
1026 1453 1054 1503 et
1075 1444 1134 1524 hy·

61 1546 149 1589 muns
175 1528 207 1589 in
235 1528 325 1588 latina
352 1527 399 1587 rel
424 1525 539 1604 volgari
561 1528 662 1607 lingna
681 1527 878 1603 dormitantio,
906 1526 1062 1607 praecipue
1083 1547 1132 1590 se·
1234 1584 1243 1595 .

64 1613 212 1690 quantiam
234 1613 336 1687 illam,
358 1628 443 1692 quam
466 1612 563 1672 dicunt
581 1611 756 1691 Gregorinrn
777 1611 916 1673 edidisse:
941 1613 1045 1674 Stabat
1066 1630 1130 1676 ma-

63 1709 111 1757 ter
130 1698 293 1765 dolorosa,“
333 1697 450 1759 Similia
469 1695 606 1775 leguntur
632 1699 663 1758 in
686 1695 846 1775 Georgii
875 1694 1024 1758 Stellae
1048 1699 1080 1775 (†
1102 1718 1128 1759 c.

63 1781 163 1859 laad)
192 1783 354 1844 Annalibus
380 1782 535 1861 (Murateri
563 1781 669 1861 Script.
699 1781 762 1842 ltal.
796 1780 892 1859 XVll,
923 1782 1007 1844 1170
1034 1774 1132 1861 sqq.)i

62 1866 214 1947 „Populus
235 1879 331 1929 autem
352 1867 500 1926 civitatum
530 1869 711 1946 quarundam
735 1877 762 1926 at
787 1866 914 1926 locurum
937 1866 1131 1927 Lombardiae

64 1986 109 1999 -
130 1985 172 1998 -
193 1952 319 2033 tegimen
341 1952 439 2015 albam
461 1952 588 2031 aceepit;
611 1953 664 2012 snb
686 1973 720 2012 eo
741 1968 866 2028 namque
887 1951 1057 2011 vestimento
1078 1951 1132 2012 ho-

63 2036 160 2099 mines
180 2059 233 2118 pro
255 2048 336 2117 parte
358 2036 460 2099 maiori
483 2037 557 2096 t'acie
579 2036 675 2098 relata
697 2035 912 2116 perambulant,
935 2038 1132 2114 quosdamque

64 2130 173 2184 canant
209 2123 342 2183 Psalmos
371 2132 399 2182 et
426 2123 544 2181 devotos
562 2114 752 2200 'Rhythmos,
785 2138 858 2199 quas
891 2119 1014 2179 edidisse
1040 2121 1131 2180 lectur

63 2208 188 2269 loannes
217 2207 377 2287 vigesimus
397 2207 558 2283 secundas,
588 2206 701 2284 quando
724 2224 856 2266 stammas
884 2213 946 2264 erat
963 2203 1131 2265 Ροιιιίἰιιιι.ιι

64 2291 163 2354 Simul
197 2291 329 2353 Prosans
353 2291 448 2371 ipsam
484 2291 638 2352 lectoribus
680 2287 872 2351 communicat
912 2289 1056 2368 scriptura
1090 2288 1132 2348 ita

64 2386 262 2456 comparatam
283 2386 314 2438 ut
335 2376 426 2439 habes
447 2394 552 2456 supra,
582 2376 674 2457 primo
703 2374 766 2436 loco
787 2375 923 2455 positam.
970 2372 1072 2453 Nepae
1094 2374 1131 2434 ab

64 2465 114 2527 bis
155 2462 235 2524 italis
276 2461 422 2524 historicis
468 2463 606 2524 abhorret
650 2461 854 2524 Dotmarus
894 2458 1134 2520 Lubccensis

66 2548 142 2621 (leh.
164 2547 254 2610 Heor.
282 2546 427 2607 aSeclon
460 2545 565 2608 Seloct.
589 2545 675 2607 litter.
705 2555 756 2610 etc.
783 2566 812 2626 p.
844 2546 914 2606 153.
948 2544 1034 2622 154.)
1079 2542 1133 2620 „lu

14 2670 15 2675 ι
64 2636 122 2694 den
143 2633 246 2694 soloen
267 2631 331 2712 jare
353 2631 463 2712 (1399)
487 2630 602 2694 vorholl
622 2631 670 2693 sih
692 2649 747 2705 eyn
767 2638 844 2691 secte
865 2629 1035 2689 dormanno
1057 2627 1132 2687 rande

65 2718 144 2779 mina
171 2719 201 2777 in
229 2717 326 2777 witton
354 2716 503 2794 edederan,
538 2715 611 2776 rode
646 2716 758 2778 haddon
788 2714 836 2776 sik
866 2722 1009 2774 ttorrnrret
1039 2712 1133 2773 bouem

65 2802 228 2865 achteuticlt
250 2803 366 2878 dnseut,
395 2802 469 2860 rarle
496 2801 667 2860 wandorden
691 2799 722 2860 in
751 2798 865 2860 Ytalicn
895 2815 952 2859 ran
980 2799 1031 2856 der
1059 2815 1133 2858 enen

66 2890 130 2950 stad
153 2896 180 2947 to
202 2888 253 2946 der
274 2888 408 2948 anderen.
452 2884 493 2945 So
515 2905 576 2946 nar
600 2905 632 2947 se
656 2903 777 2964 quemen
808 2903 861 2944 nor
888 2902 941 2944 cue
969 2883 1050 2960 stad,
1080 2883 1135 2943 der

66 2972 161 3054 ghink
182 2991 249 3032 man
271 2990 307 3032 eu
329 2969 380 3030 mit
402 2971 567 3050 processioa
590 2970 746 3050 nntieghon
765 2969 946 3049 (entgogco).
997 2965 1037 3027 So
1065 2986 1132 3028 wau
1220 2965 1225 2975 ’

66 3078 98 3119 se
121 3075 242 3137 qnemen
262 3057 293 3117 in
315 3056 349 3113 de
370 3056 449 3130 stad,
471 3075 504 3116 so
526 3076 616 3136 ergon
637 3075 685 3115 so:
708 3053 909 3117 Misericordia
932 3061 960 3112 et
982 3070 1057 3129 pax,
1078 3073 1134 3113 rn-

65 3145 101 3203 do
121 3143 257 3222 suughen
286 3159 343 3203 uan
370 3160 457 3201 unser
484 3162 601 3202 cronon
630 3141 758 3215 fidendo,
790 3139 837 3200 dot
865 3158 897 3200 se
923 3138 1016 3197 hadde
1043 3137 1134 3197 rander

66 3230 131 3289 dora
157 3246 256 3288 cruce:
290 3224 392 3286 Stabat
424 3236 516 3287 muter
544 3227 679 3287 dolorosa
713 3225 795 3286 iuxta
823 3243 937 3284 crucem
968 3222 1133 3285 lacrimosa.

64 3313 188 3375 Prosam
216 3310 307 3390 igitur
334 3310 412 3372 eirca
440 3312 524 3375 1380
549 3311 596 3372 rel
632 3308 717 3384 1390
743 3308 925 3370 notissimam
959 3306 1134 3384 luisse,·ue

63 3601 172 3664 laudet,
223 3602 262 3653 sie
292 3599 409 3651 iudicat:
451 3599 504 3649 Die
532 3595 714 3648 Lieblichkeit
750 3594 798 3645 der
828 3592 979 3646 Wehmuth
1016 3593 1044 3641 in
1085 3591 1133 3644 des

64 3671 226 3722 Schmorzos
250 3670 346 3734 Tielo,
377 3668 434 3718 dies
458 3667 578 3718 Lacheln
608 3668 635 3715 in
659 3665 805 3727 Tlirn'non,
835 3661 909 3712 diese
938 3660 1135 3725 Kirnllichkeit,

66 3739 113 3790 die
133 3738 184 3788 don
205 3740 334 3790 hiiclrsten
354 3737 470 3786 lliuomol
490 3737 614 3796 anriihrt,
633 3736 668 3782 ist
687 3735 737 3782 noir
755 3731 825 3782 noch
840 3730 955 3782 niemala
973 3745 1004 3780 so
1023 3730 1088 3780 licht
1106 3733 1135 3779 in

64 3808 117 3860 det·
134 3807 213 3857 seete
232 3808 419 3873 aulgegangon.
456 3807 499 3856 lch
520 3804 589 3854 habe
611 3803 680 3852 mich
699 3800 849 3852 ehvrenden
869 3804 989 3854 miieseu,
1009 3817 1053 3847 uno
1070 3801 1137 3848 mei-

62 3893 102 3927 κιο
120 3875 251 3926 'shriincn
271 3895 303 3925 zu
329 3876 491 3940 verborgen,
515 3872 667 3938 vorziiglich
694 3871 737 3920 bei
762 3869 811 3919 dor
834 3868 933 3918 Stella:
961 3865 1038 3915 Vidit
1059 3884 1136 3920 suum

63 3943 173 3995 dulcem
193 3957 293 3994 natum.
329 3944 395 3993 Wio
409 3942 542 4002 einnroll,
562 3940 623 3989 dass
638 3939 684 3989 das
697 3942 798 3994 Aaron,
817 3935 948 3986 nachdonr
962 3935 1138 3986 Allossclram

63 4013 240 4065 beschloseen
259 4015 308 4076 ist,
327 4013 396 4062 noch
416 4014 442 4060 in
462 4011 517 4060 siah
536 4009 618 4059 solbet
638 4009 724 4074 hlingt
741 4005 795 4056 und
815 4006 910 4073 epicla,
935 4003 992 4054 und
1008 4006 1037 4053 iu
1055 4004 1139 4053 herz-

61 4082 154 4133 'licher
171 4083 300 4147 Riibtung
322 4082 385 4130 kein
411 4078 487 4129 Eudo
512 4076 604 4127 finden
627 4078 717 4139 kann,
751 4075 807 4124 sich
832 4074 976 4139 gleichsam
1001 4090 1051 4122 ror
1073 4071 1138 4122 demi

63 4151 215 4201 Trocknen
233 4150 282 4199 dor
299 4150 427 4199 Tbrn'uen
445 4148 562 4197 liirohtet
580 4143 635 4196 und
654 4145 710 4195 sich
736 4146 772 4193 im
792 4142 958 4193 Schluchzen
984 4141 1053 4192 noch
1070 4141 1137 4190 fulr-

62 4220 114 4270 len
139 4218 207 4269 wilt.
246 4220 305 4268 Das
329 4218 444 4268 Gedicht
468 4215 552 4266 selbst
575 4217 610 4265 ist
635 4212 757 4264 riihrend
789 4211 845 4262 und
877 4211 926 4263 ties
948 4210 1135 4277 eindringlich‚

63 4288 166 4354 gerrico
188 4288 233 4337 bot
251 4286 300 4338 dee
317 4287 430 4340 Dichter
447 4284 520 4335 disse
538 4286 627 4335 Reims
649 4282 714 4334 iole:
741 4298 809 4348 queo
827 4280 979 4346 moerebat,
1005 4291 1032 4333 ct
1054 4279 1138 4331 dolc-

63 4357 115 4408 bat
137 4374 196 4407 cum
214 4355 324 4408 ridebat
341 4358 390 4407 mit
408 4354 602 4422 beneglichem
623 4304 738 4412 beania
756 4367 898 4419 gerungum.
