2809 4850
626 374 688 450 87

114 554 144 617 9.
161 551 251 614 Vetus
272 553 358 615 lame
379 553 514 632 nouitati,
671 553 721 618 10.
736 555 781 617 De
802 556 921 624 seeretis
942 557 1093 622 reticentes
1169 617 1171 634 ‚

159 637 199 697 Se
221 647 354 700 terrenus
376 638 493 719 puritati
736 641 851 702 iuterim
873 641 1062 722 coelestibus,

159 720 328 784 Coalormet
349 724 526 788 coelestium.
737 725 895 806 Erigaruus
917 746 1005 805 puras
1025 737 1136 792 mentes
1186 778 1188 780 >

160 804 334 885 coaequalis
354 807 401 870 his
414 810 557 885 luiturus,
734 815 769 874 ln
791 811 902 873 coelum
924 832 992 890 curu
1011 812 1163 876 manibust

159 890 242 951 Licet
261 892 387 956 nundum
409 894 492 974 plene
514 916 615 976 nurus,
684 933 688 948 ·

72 1005 80 1024 ι
158 977 219 1055 Spe
240 989 406 1057 praesumat
424 982 598 1060 praeminum

366 1149 415 1210 ll.
431 1148 471 1211 Ut
492 1166 621 1242 superna
639 1169 694 1212 nes
715 1121 850 1232 dignetur

426 1233 611 1297 cohaeredes
632 1235 730 1313 curia,

285 1389 296 1400 ⁶
425 1319 464 1381 Et
486 1317 586 1381 dirim
604 1320 784 1381 collaudetur

426 1405 472 1465 ΑΙ)
495 1404 623 1484 utrisque
643 1405 750 1485 gratia.

425 1488 537 1570 [capiri
559 1491 597 1550 sit
618 1488 717 1570 gloria

418 1574 617 1654 Membrisque
638 1575 838 1657 cuncordia.]·
965 1575 969 1586 '

112 1947 118 1958 .
205 1896 239 1957 ln
265 1893 437 1957 missalibus
466 1897 581 1961 Galliae
608 1906 694 1978 atqrre
723 1898 849 1977 dugliae
878 1916 963 1964 rara:
992 1895 1130 1959 Germani
1158 1893 1189 1956 iu

120 1983 242 2044 vetustis
271 1980 400 2042 Notkeri‘
420 1983 455 2043 de
483 1983 535 2044 iilo
556 1981 736 2068 archangele
756 1982 921 2063 sequentiis
943 1982 1123 2064 acquievere.
1146 2013 1189 2027 -

103 2070 154 2131 Ἶ.
176 2065 224 2133 ΡΟ.
247 2059 426 2144 cxxxvll,
450 2070 480 2130 l·
498 2081 528 2129 In
546 2091 678 2146 conspectu
696 2077 847 2145 augelorum
862 2077 977 2147 psallam
995 2078 1050 2127 ribi.
1085 2066 1116 2127 2.
1137 2063 1190 2128 Vl·

70 2189 79 2194 -
122 2147 228 2230 cloria,
257 2169 343 2232 quam
371 2152 501 2233 depingit
522 2153 645 2216 loannes
666 2151 697 2212 in
716 2152 892 2233 Apocalypsi
914 2152 984 2228 Xil,
1011 2150 1032 2215 7
1052 2168 1115 2230 sqq.
1157 2151 1189 2212 5.

121 2238 233 2317 Ephes.
255 2236 301 2312 ll,
320 2235 352 2300 2.
392 2237 423 2303 6,
444 2238 566 2317 Semper
586 2236 750 2315 adspiciunt
770 2237 955 2318 (deoperire)
976 2233 1067 2298 sancti
1090 2232 1189 2313 augeli

121 2322 217 2384 Deum
240 2320 463 2401 omnipotentem
484 2334 513 2384 et
532 2322 718 2404 adspiciendo
733 2333 887 2402 erumpunt
906 2323 934 2382 iu
946 2322 1058 2384 ‘laudes
1077 2329 1106 2379 et
1121 2338 1192 2380 cau·
1238 2349 1239 2352 ¹

124 2407 196 2469 tieaz
224 2417 320 2469 tamen
348 2428 406 2470 neu
432 2408 515 2473 otiosi
543 2409 683 2471 suntsed
713 2407 903 2472 ministerium
931 2406 1086 2469 eorundem
1114 2404 1191 2465 idem

122 2503 169 2555 est
202 2494 271 2573 iuge
301 2501 387 2573 atque
422 2495 551 2558 caritatis
583 2496 698 2558 feruere
733 2493 1003 2573 flagrantissimum.
1064 2490 1096 2553 7.
1125 2489 1191 2550 Nu-

120 2598 224 2640 merus
252 2579 391 2640 hcnorum
419 2581 592 2660 angelorum
617 2579 776 2640 diminutus
811 2588 856 2640 cst
890 2578 975 2655 lapse
1007 2574 1112 2639 dialeli
1142 2573 1192 2653 qui

121 2683 191 2726 curn
218 2662 347 2725 exercitu
373 2683 427 2728 suo
447 2667 555 2729 eiectus
580 2674 625 2726 est
653 2684 691 2726 ex
718 2662 836 2724 coelesti
871 2664 1005 2741 regione:
1039 2657 1192 2739 suppletur

122 2747 232 2810 animis
252 2747 299 2829 pie
321 2748 543 2827 defunctarum„
567 2764 641 2830 quaa
663 2758 747 2815 eruut
768 2743 931 2828 ἰσάγγελοι.
968 2745 1073 2808 Mean.
1095 2742 1190 2819 xxlt,

121 2832 176 2900 30.
188 2831 284 2915 Simili
305 2831 418 2910 ratione
439 2855 476 2897 ex
497 2844 595 2896 vetere
615 2833 751 2914 opinione
771 2831 951 2895 diabolorum
970 2825 1190 2912 ’στρατόπεδον
1315 2900 1321 2915 .

122 2916 271 2980 damnatis
297 2918 462 2982 horninibus
487 2929 639 2999 augetur·
670 2918 776 2997 loseph
801 2918 837 2978 de
866 2916 933 2980 lrell.
956 2916 1016 2981 lud.
1039 2915 1076 2991 6,
1101 2908 1192 2977 3.τά

121 3000 185 3086 γὰρ
207 2997 383 3081 καλούμενα
404 2999 550 3084 δαιμόνια
570 3009 671 3067 ταῦτα
693 3000 728 3064 δὲ
748 3003 891 3083 πονηρῶν
904 2997 1082 3083 ἀνθρώπων
1103 2991 1194 3060 naeui-
1240 3064 1246 3079 ,

122 3110 221 3181 flacc.
266 3087 335 3149 lust.
356 3088 442 3169 Apol.
464 3090 505 3167 ll,
535 3111 564 3170 p.
593 3092 645 3152 65.
689 3088 720 3151 8.
742 3084 937 3167 acuuxv,
959 3087 1011 3149 41.
1032 3082 1193 3147 -verba

124 3173 210 3235 nucis
231 3171 392 3234 inclusam
413 3176 505 3255 quoad
527 3193 647 3236 sensum
669 3181 698 3233 ei
719 3172 919 3236 admetricam
942 3169 1081 3233 carminis
1102 3165 1193 3231 ratio·

124 3277 194 3320 uem
215 3258 381 3339 apocrypha
401 3279 466 3322 esse
488 3258 628 3321 videntur.

433 3586 521 3653 cxl.
566 3592 620 3657 De
641 3593 677 3659 S.
699 3595 874 3679 Dionysia.

457 3716 558 3777 Gaude
581 3714 663 3795 prole
682 3710 823 3791 Graecia,

459 3800 608 3861 Gloriatur
625 3798 729 3861 Gallia
786 3854 791 3867 ,

459 3885 545 3948 Patra
567 3883 709 3965 Dionysio
728 3893 781 3948 ete.
