2809 4850
539 399 633 475 851

73 584 124 638 tter
144 576 270 639 latrones
291 594 342 637 eon
366 574 457 653 intro,
600 577 664 639 Hoo
685 580 785 640 deerat
807 596 912 655 nnntn,
933 577 1038 639 mortni

74 661 130 723 oeli
150 662 237 723 deone
258 659 501 741 pulcherrimum,
600 661 640 724 Ut
661 663 811 726 vulnerato
832 671 964 741 pectore,

73 743 185 825 tfigttur
205 746 297 808 clavis
316 742 394 807 ornei
600 744 716 808 Pateret
735 748 772 808 ad
793 745 882 810 vitam
903 744 953 809 uia

73 831 263 911 'urpissimum
283 829 449 892 ludibrium.
599 823 712 912 {aperto
731 830 841 894 amoris
860 831 954 912 regia.

91 996 217 1061 arbitres
237 996 336 1061 mundi
358 987 471 1060 manns'
599 998 657 1060 Sed
680 998 739 1061 inm
760 1010 877 1060 mouent
897 1009 924 1062 te
946 998 1064 1080 trochia

72 1084 210 1163 edesqna,
230 1084 279 1164 qui
300 1091 400 1145 ventos
420 1102 509 1161 snper
599 1082 694 1146 Gerae
716 1085 859 1164 parentis,
881 1103 954 1165 quse
976 1086 1027 1145 tibi
1051 1125 1059 1142 ,

73 1165 118 1227 ehi
140 1178 311 1246 sueverunt,
332 1169 389 1230 heu
410 1184 477 1229 mea
601 1168 758 1248 Unguenta
777 1189 831 1247 pro
853 1169 950 1249 plagis
972 1169 1066 1250 dabit,

72 1252 107 1313 'os
127 1250 269 1334 impulere
289 1250 422 1319 erimina.
600 1253 640 1316 Et
660 1253 806 1315 lacrumas
827 1272 880 1332 pro
901 1253 1052 1332 sauguine.

71 1420 159 1482 renate
180 1420 226 1484 soi
247 1427 276 1481 et
297 1419 413 1500 lugubri
601 1420 735 1484 Tandem
754 1420 888 1499 sepulcro
910 1420 1058 1501 conderis,

71 1505 158 1568 'erras
179 1507 286 1567 nmietu
308 1514 455 1585 contego,
601 1505 742 1568 Deiunute
762 1504 895 1586 Christe,
916 1523 1025 1579 saxeo;

71 1590 171 1658 *ehisoe
192 1589 295 1666 telins,
315 1589 435 1651 scindite
602 1590 703 1652 Menon
726 1589 777 1651 titi
798 1600 1027 1668 consternerenr,

71 1673 108 1736 *os
129 1692 219 1738 saxa:
239 1673 375 1737 Christus
396 1673 507 1739 ouuidit.
602 1674 660 1737 Sed
680 1674 746 1737 hoio
766 1675 877 1737 iaceres
895 1673 1007 1737 durius.

70 1841 165 1906 Jhriste
199 1840 326 1922 oooirlis,
370 1862 423 1905 nos
463 1842 563 1905 nessi·
604 1841 664 1904 Cnr
685 1843 764 1905 inuno
785 1840 915 1923 reposcis
936 1840 1063 1921 exitum,

70 2010 109 2072 ‚ui
129 2007 239 2072 doloris
260 2008 330 2090 iiiii,
347 1946 413 1988 mm
605 2008 631 2071 0
651 2008 777 2091 inoapax
798 2007 926 2070 exordii!

70 2103 75 2150 t
96 2094 157 2160 rite
176 2094 268 2158 nostri
289 2093 414 2176 porturis
604 2095 758 2174 Nostram,
777 2092 836 2154 nisi
856 2094 901 2155 sis
922 2091 1038 2172 proprio

70 2182 175 2262 trisque
194 2178 286 2243 nostri
308 2179 436 2263 spiritns.
605 2179 733 2260 Signnro
754 2187 875 2242 mortem
896 2177 1006 2242 iuuere.
1120 2185 1125 2194 “
1189 2191 1196 2198 ·

363 2348 447 2412 iesu!
469 2348 520 2411 tibi
540 2348 579 2410 sit
599 2347 713 2430 gloria,

360 2434 418 2497 Pro
440 2453 534 2516 poeno
554 2445 583 2497 et
603 2431 779 2515 ignominie,

363 2520 445 2595 Quas
466 2521 605 2582 innocens
627 2539 678 2598 pro
700 2516 799 2581 noxiis

360 2604 428 2666 Non
446 2604 587 2667 horruisti
610 2604 731 2684 perpeti.

509 2790 659 2801 -—--

523 3001 647 3071 XXIX.

487 3147 543 3212 De
566 3102 691 3212 eadem.

69 3294 164 3368 augete
185 3285 258 3346 dura
277 3299 437 3361 marmora,
610 3280 806 3344 Ocharitntis
828 3278 960 3357 uictima,

69 3371 216 3451 {artesque
238 3368 410 3448 lacrymato,
610 3366 720 3428 O-dirn
741 3364 786 3426 ris
806 3364 932 3424 amoris:

69 3466 165 3538 augete
187 3453 259 3516 aonii
280 3453 393 3530 sidera,
609 3448 797 3511 crudelitatis
819 3448 931 3525 hostin,

69 3541 195 3621 tentique
216 3536 377 3620 suspirate,
609 3534 814 3615 Spectaculum
835 3533 962 3611 doloris,

69 3630 97 3690 tn
119 3627 238 3706 languet
259 3623 337 3687 ortuis
359 3621 471 3708 glorio,
610 3619 684 3696 Quis
706 3619 861 3699 cogitasset
882 3618 968 3696 tatio,

69 3712 232 3776 suuntur
253 3728 361 3773 amoro.
610 3705 688 3767 Mori
712 3704 804 3766 [iennn
826 3725 879 3785 pro
900 3705 999 3767 notris!

69 3886 161 3946 tornto
181 3879 250 3941 fletu
271 3877 399 3959 lamina,
436 3886 443 3891 “
609 3874 720 3938 Deflete
742 3891 808 3935 men
829 3871 940 3935 lumina

69 3987 142 4029 umor
163 3965 241 4027 intret
262 3964 418 4044 dolorque,
609 3959 698 4022 'fanti
723 3959 815 4021 luntas
835 3958 961 4037 amoris,

69 4053 146 4114 {orno
168 4050 309 4132 profundo
329 4048 450 4111 ssurminn
608 4045 719 4106 Deflete
742 4064 807 4106 rnen
828 4042 967 4120 crimina,

69 4138 209 4218 iletnsque
230 4134 458 4214 sanguinisque,
609 4129 699 4192 'fanti
722 4127 971 4205 consuetunis,
1084 4144 1087 4155 ¹

69 4223 98 4283 tn
117 4228 235 4303 propter
257 4229 306 4281 tua
327 4218 450 4282 erimine
610 4214 675 4281 Hoo
697 4214 767 4294 petit
788 4211 858 4275 tenti
876 4212 973 4293 gratia

69 4308 109 4371 lie
129 4307 252 4371 rnoritnr
272 4304 382 4369 dolore.
609 4299 728 4364 Doloris
741 4317 783 4379 ¹tto
803 4296 922 4365 annonis.
