2809 4850
129 601 189 667 su
203 599 289 683 ‚tirno
317 596 458 663 somno
477 544 584 663 oei-n
610 597 707 663 unns
727 594 882 676 wan
901 610 1042 673 ‚mm
1062 610 1121 694 ,9-

54 687 200 753 iteriornrn
229 700 390 764 temporam
413 683 619 765 disriplinam,
638 702 678 747 ers
712 699 771 761 nno
796 681 874 761 apud
895 699 996 745 ossus
1017 696 1118 743 annosa

54 771 250 851 edlitnrgiam
279 766 431 833 nonime
459 770 539 833 urbis
567 777 634 829 snut
671 766 840 846 oonnposits.
892 764 986 829 listro
1014 764 1119 831 ltaliae

54 860 120 921 inea
146 857 280 937 Hymnus
304 853 469 935 Angelius
495 852 663 915 inserriisss
690 852 805 914 vitetur
839 870 898 915 nnn
927 849 1039 915 Missas
1062 849 1114 925 sod

54 940 200 1004 llatntiuis
221 937 352 1015 Ollio-iis,
374 948 489 1001 serrato
510 937 628 1017 antiqno
650 937 766 999 nomino
778 940 959 1016 προσευχῆς
969 929 1116 1015 ἑωθινῆς.

54 1029 85 1089 Ut
98 1025 235 1102 exempla
245 1023 365 1085 otiorum
373 1021 511 1095 Uenerios
521 1022 551 1084 in
563 1032 675 1085 vetusto
685 1020 829 1085 Psalterio
837 1019 1017 1083 Aetbelstoni
1033 1020 1120 1099 regis.

54 1109 259 1194 2923-940)
272 1108 393 1171 eorruini
407 1105 712 1189 insrriptnminranite
730 1106 759 1168 Η
765 1124 897 1186 ymnos
911 1105 947 1165 in
962 1105 1023 1165 die
1037 1105 1114 1166 lto-

54 1196 187 1258 minicn
208 1196 252 1264 od,
273 1193 497 1255 Matutinasr
519 1192 586 1254 itero
608 1200 784 1255 annotarunt
805 1189 937 1255 monaehi
960 1188 993 1250 S.
1015 1186 1114 1251 Mauri

54 1279 287 1351 rdConrordiam
302 1278 481 1358 Regularum
498 1276 531 1338 S.
545 1275 693 1343 Benedicti
706 1275 882 1338 Aninnrneie
895 1276 967 1335 olim
989 1274 1115 1336 inlate·

54 1368 130 1426 libne
153 1361 391 1426 Motrrtinisesse
412 1363 603 1428 orrannum.
647 1359 773 1427 Ornninn
800 1359 899 1441 hymni
926 1359 1054 1423 nimiunn
1083 1359 1114 1421 ia

54 1452 182 1513 omnibus
204 1447 284 1509 rides
306 1458 483 1526 omrrpntnrn-
498 1465 572 1527 quae
592 1454 692 1526 poetro
712 1444 1035 1524 Hymnodnderosinno
1062 1443 1114 1504 de·
1210 1501 1217 1519 .

54 1536 181 1597 morrrlotn
202 1542 279 1596 snut.
324 1530 489 1593 Couelotnr
509 1532 538 1592 in
562 1529 687 1610 publicis
699 1529 863 1608 gratiarnm
882 1508 1114 1613 actionibnmia

54 1621 150 1700 pneris
171 1628 288 1678 snrrctoe
311 1615 436 1677 lactitiae
457 1626 544 1696 atone
563 1613 752 1677 exultationis
773 1613 1017 1693 interpretatione.
1062 1610 1115 1677 lb-

54 1717 108 1766 rtor
130 1702 276 1765 Utinensis
298 1701 349 1765 tit.
371 1701 402 1763 3.
423 1700 455 1762 is
477 1700 611 1781 passione
633 1699 665 1767 S.
683 1699 863 1781 Martyron,
885 1699 933 1777 qui
955 1697 1127 1777 (berthegi-⁵

54 1810 83 1850 ne
109 1790 166 1849 sul
191 1786 345 1859 Hnrrerioo
368 1805 438 1867 rege
460 1786 643 1867 pessinunte
676 1784 903 1863 „Proredebant
931 1786 1027 1865 neom
1046 1803 1115 1848 enta

287 1978 354 1989 ...η

54 2094 234 2157 merdinum,
260 2104 286 2145 et
305 2088 327 2144 ri
346 2090 379 2142 ad
398 2091 464 2143 boec
480 2088 646 2160 respondere
663 2107 719 2142 non
737 2088 872 2153 valemus,
903 2089 998 2141 merito
1017 2107 1111 2142 manus

54 2164 151 2216 lanios.
194 2162 322 2232 Quisquis
340 2163 411 2212 anim
430 2161 488 2211 rnlt
505 2179 539 2212 ex
556 2177 647 2212 sacrae
665 2161 813 2231 scripturae
832 2161 990 2210 anctoritate
1008 2159 1121 2227 aliquid*

54 2232 220 2295 molismum,
239 2232 319 2285 debet
332 2248 365 2281 ex
385 2230 575 2296 prophetarum
590 2229 720 2291 oraculis,
739 2228 931 2295 Apostolorum
945 2227 1040 2292 dictis,
1058 2238 1113 2280 ars-²

54 2305 182 2371 liquorum
209 2301 314 2351 Parrum
334 2299 472 2362 conciliis,
496 2316 601 2351 necnon
626 2308 662 2348 et.
678 2303 770 2348 eorum
789 2297 895 2363 scriptis
915 2297 958 2346 rel
975 2299 1065 2364 gestis,
1084 2308 1113 2349 et

54 2370 123 2438 quood
145 2370 268 2421 orionibus
300 2368 342 2419 his
367 2370 452 2417 ruinius
476 2378 533 2431 est,
560 2386 593 2418 ex
617 2367 702 2417 saneti
726 2365 865 2433 Evangelii
892 2367 1003 2417 veritato
1021 2365 1111 2418 locum
1153 2376 1164 2387 '

54 2439 207 2501 ostendere,
232 2437 304 2488 rende
323 2435 386 2487 velit
405 2438 565 2487 sententiam
588 2453 662 2487 strom
688 2435 878 2497 corroborare,
905 2434 975 2484 unde
992 2434 1110 2486 solemus

54 2508 150 2560 licere.
170 2508 304 2574 Scriptum
323 2515 363 2555 est
381 2507 408 2554 in
427 2505 493 2566 illo,
511 2515 537 2553 et
554 2505 581 2552 iu
602 2502 649 2554 illo
667 2503 745 2554 loco:
771 2514 797 2554 et
815 2503 928 2570 legimns
947 2506 975 2552 in
994 2502 1110 2556 decretis

54 2575 223 2638 l’ontilicurn,
243 2576 285 2626 nel
296 2576 323 2624 in
340 2573 388 2624 tali
401 2569 535 2633 Concilio,
555 2574 584 2623 in
601 2572 835 2643 illocnpitnlo.·-
850 2574 897 2622 liis
915 2574 980 2622 satis
997 2574 1112 2623 instrui·

54 2665 105 2695 mter
124 2644 269 2711 creandis,
289 2643 327 2692 nit
345 2658 397 2692 nos
415 2638 589 2708 delinquere,
607 2643 629 2691 si
649 2659 696 2704 en,
715 2658 784 2708 quae
801 2659 834 2691 ex
852 2642 1011 2692 anctoritate
1024 2643 1111 2695 Ron-
1164 2655 1166 2660 ·

54 2713 166 2773 tiliorum,
179 2714 225 2780 qni
238 2711 314 2761 illurn
329 2720 449 2761 sonetum
466 2713 550 2759 virum
565 2709 750 2776 (Gregoriurn)
765 2716 1111 2780 tempore'praeceeseruut,

54 2783 169 2832 instituta
188 2782 367 2849 suscepimus,
393 2790 418 2829 et
436 2778 479 2830 rel
498 2796 530 2827 ex
549 2776 747 2828 Gallicanorum
766 2779 961 2841 Ecclesioruru,
981 2790 1026 2830 ont
1044 2779 1108 2830 His-

54 2853 200 2900 )anicomrrn
219 2866 267 2898 usn
283 2848 476 2914 mutuavimus,
494 2845 570 2898 fideli
591 2845 738 2897 devotione
757 2865 909 2910 servamus,
929 2847 1064 2900 imitantes
1082 2849 1110 2899 i·

54 2921 121 2969 osius
140 2917 285 2968 beatissimi
303 2919 393 2985 Papae
410 2914 618 2986 praedicendam
640 2915 827 2966 bumilitatem.
865 2915 995 2986 Quicum
1014 2935 1111 2985 repro-

54 2985 209 3038 nenderetor
226 3005 240 3035 n
258 2983 526 3055 quibusdsrn,1qnod
544 2985 655 3035 aliarum
671 2985 843 3038 ecelesiarum
862 3004 962 3038 morem
980 3004 1111 3053 requere-

54 3068 106 3120 tur,
126 3058 197 3106 inter
210 3053 261 3104 elin
280 3055 394 3116 latetur,
413 3052 521 3106 dicens:
557 3054 586 3104 Si
604 3052 747 3121 quidboni
761 3054 803 3106 rel
821 3056 879 3124 ipss
894 3054 1109 3110 videlieetlion·

54 3124 306 3192 stoutinopolitnna,
329 3122 424 3173 ‘altera
461 3122 582 3175 Ecclesia
619 3122 718 3186 hebet,
751 3140 800 3190 ego
827 3135 852 3173 et
883 3127 1000 3174 minores
1026 3143 1110 3189 meos,

54 3210 111 3260 pnos
130 3192 165 3241 ab
184 3192 287 3242 illicitis
305 3190 472 3261 prohibebo,
499 3193 526 3241 in
550 3191 623 3241 bono
642 3192 741 3241 inuitari
765 3191 964 3258 paratus-oum.
1007 3191 1110 3243 Stultus

54 3273 85 3312 est
103 3261 192 3325 eninr,
217 3262 264 3328 qni
281 3262 309 3310 in
329 3275 361 3311 eo
379 3277 408 3310 ee
426 3262 542 3329 priunum
571 3260 721 3322 existimat,
745 3270 774 3308 nt
800 3260 886 3322 bons,
910 3275 980 3324 quae
1001 3259 1111 3322 viderit,

54 3327 149 3388 liseere
167 3339 330 3381 contemnat.
374 3328 441 3379 Nam
466 3329 487 3378 sl
513 3327 590 3391 ideo,
614 3337 643 3376 nt
660 3345 742 3396 saepe
760 3326 877 3391 dictum,
895 3327 971 3377 illum
992 3325 1111 3394 Angeli-

54 3415 104 3448 :um
127 3397 256 3466 hymnum
275 3397 449 3465 prohibemur
470 3397 498 3446 in
517 3395 620 3448 lestinis
642 3393 740 3447 diebus
760 3412 872 3458 canere,
898 3414 930 3447 eo
955 3392 1030 3462 qnod
1052 3397 1112 3446 Ro-

54 3485 183 3519 nunornm
203 3465 355 3536 presbyteri
375 3469 428 3518 nori
447 3464 536 3515 solent
554 3473 613 3514 eom
632 3480 742 3526 canere,
768 3481 909 3532 possumus
928 3463 1010 3513 simili
1029 3462 1110 3516 modo

57 3547 103 3585 rost
123 3533 296 3602 Evangeliunr
319 3532 477 3603 Symbolum
497 3533 624 3595 reticere,
647 3529 720 3598 qrnod
738 3531 852 3584 Romani
876 3550 960 3600 usque
986 3531 1021 3582 ad
1044 3532 1111 3586 haec

54 3619 204 3673 1ernpora
236 3603 340 3652 dirue
369 3602 557 3652 memoriae
586 3601 729 3651 tierrici
765 3601 997 3670 insperatoris
1034 3601 1111 3653 nullo

54 3669 125 3721 nodo
148 3674 311 3721 cecinerunt.
350 3668 406 3720 sed
424 3669 457 3719 ab
476 3668 570 3720 eodem
588 3669 762 3736 interrogati,
791 3688 838 3720 cer
855 3671 892 3718 its
917 3679 1041 3736 agerent,
1066 3688 1110 3723 sno
1175 3699 1182 3706 -

54 3737 133 3790 :or-orn
153 3741 307 3796 assistente,
328 3736 418 3789 audiri
437 3755 482 3789 eos
495 3737 647 3789 huiusmodi
659 3756 817 3806 responsum
830 3737 956 3802 reddere,
973 3737 1110 3803 iidelicet,

54 3806 117 3874 prod
141 3807 259 3856 Romane
284 3806 405 3858 Ecclesia
429 3824 485 3858 non
507 3805 601 3857 sinisset
624 3804 770 3875 aliquando
792 3807 846 3857 ullo
870 3807 1011 3858 haereseos
1035 3808 1111 3860 faece

57 3875 159 3927 nfecta.
187 3873 233 3926 sed
254 3874 505 3933 secundum'sancti
523 3875 594 3927 Petri
613 3874 761 3926 doctrinam
769 3911 778 3938 ,
802 3876 829 3924 in
849 3876 987 3927 soliditate
1004 3874 1108 3929 Catho-

56 3944 112 3994 icae
137 3941 202 3993 fidei
224 3955 393 4012 percurreret
417 3947 595 3995 inconcussa:
619 3955 645 3994 et
671 3942 734 3993 ideo
753 3947 840 4008 magis
865 3945 905 3995 his
930 3946 1109 3996 necessarium

54 4029 101 4063 reae
117 4011 184 4064 illud
205 4012 364 4082 Symbolum
388 4015 496 4083 saepius
520 4012 654 4065 cantando
677 4011 864 4079 frequentare,
891 4015 937 4081 qui
962 4013 1109 4081 aliqnando

54 4080 97 4128 illo
119 4083 223 4133 haeresi
243 4089 386 4149 protuerunt
403 4082 542 4133 braculari.
565 4083 612 4132 ”At
638 4080 764 4132 dominns
790 4082 935 4150 lmperator
952 4092 1008 4133 noo
1029 4094 1108 4134 antea

54 4148 136 4214 lesiit,
170 4170 249 4219 quom
275 4152 393 4201 oninium
421 4168 553 4203 consensu
583 4149 611 4200 id
636 4149 748 4206 domiuo
775 4151 921 4202 nenodtcro
946 4152 1107 4221 Apostolico

54 4218 188 4285 serenosit,
214 4230 243 4268 ut
271 4217 305 4268 nd
324 4219 461 4288 publicant
486 4220 596 4271 Missam
621 4218 689 4269 illud
716 4218 898 4271 decantarent.
939 4220 994 4271 aed
1019 4232 1107 4270 utrum

54 4303 112 4337 nanc
129 4286 350 4340 consuetudinem
375 4299 486 4342 seruent
505 4287 607 4354 adhue,
632 4285 765 4341 affirmare
788 4306 843 4340 non
862 4306 1020 4359 possumus,
1043 4292 1106 4358 quia

54 4366 143 4410 :ertum
160 4376 216 4410 uon
235 4368 368 4414 tenemus.
435 4409 440 4416 ,
