2809 4850
566 400 669 483 ,⁰8
828 394 834 403 ι

751 520 754 537 t

73 564 323 664 er'nauueyen·
344 581 491 646 Chronico
520 584 730 649 Bruueetauri
759 606 787 665 p.
808 586 872 650 822
892 587 1049 651 lectoribus
1069 609 1151 652 eoru·

74 668 220 744 munient,
240 667 468 731 Breusriceuses
488 688 525 732 ex
546 688 623 733 aune
647 670 747 742 leet).
775 690 832 751 que
855 672 996 735 auxilium
1017 673 1148 737 dirinun

72 754 231 816 naniieste
257 771 293 813 uo
317 752 462 833 singulari
491 756 605 817 ratione
631 755 743 836 experti
772 755 880 818 inerint
906 771 1072 820 recurrente
1099 761 1149 823 die

71 835 251 902 Nouembris
268 837 412 916 vigesima
433 850 553 920 qam,
578 840 722 903 cecinisse
742 840 790 902 Te
809 839 905 904 ment
925 844 1146 923 germanice

72 941 256 988 sermone.
299 920 358 983 Sed
379 923 509 985 munina
529 944 604 1005 qnae
625 934 738 988 tentem
758 924 906 1006 possident
926 929 1036 990 tanuen
1057 938 1144 1008 mese

72 1005 316 1071 existimationem
331 1025 388 1068 nen
404 1008 498 1069 seium
514 1006 719 1072 nanciscuntur
740 1008 913 1091 interpretes
933 1030 1033 1074 umen
1056 1012 1142 1077 etism

70 1090 232 1154 imitatores
256 1091 304 1170 qrri
325 1104 441 1153 serrata
461 1093 555 1153 dorma
583 1094 662 1155 ahiud
684 1102 822 1155 enarrant
842 1106 1056 1175 argumentum.
1099 1094 1143 1163 tn

69 1177 108 1238 8.
129 1181 333 1239 Bonamutura
360 1175 503 1238 cauticum
526 1176 692 1242 Marianum
722 1180 758 1242 ad
787 1198 919 1242 normam
947 1187 1049 1242 tantm
1069 1182 1142 1244 tu·

68 1259 394 1342 hrosiunieompesrite
411 1261 463 1322 'Pe
477 1261 634 1325 Matrem
654 1262 721 1324 Dei
742 1262 957 1342 laudamus,
971 1265 1140 1327 teonn‘ir

69 1360 178 1408 terra
209 1356 432 1421 veneratur,
465 1345 615 1408 aeterni
652 1346 776 1427 patris
809 1367 994 1428 sponsare.
1049 1349 1138 1411 'l'ihi

69 1426 204 1511 augeli
233 1430 536 1511 marchengen,
572 1427 645 1493 tihi
675 1431 802 1493 throni
832 1440 865 1492 et
887 1432 1138 1517 principatus

68 1515 246 1579 fidehiter
277 1514 462 1577 serviunt.
508 1515 599 1576 'l'ihi
636 1535 762 1578 omnes
790 1524 1004 1597 potestates
1031 1530 1068 1581 et
1095 1540 1136 1578 o·

69 1620 174 1664 naues
196 1598 379 1671 virtutes,
400 1598 500 1659 coeii
522 1600 715 1662 coelorum
737 1609 770 1681 et
793 1599 995 1663 uniuersae
1017 1603 1137 1664 deuri-

68 1685 248 1747 untiuues
273 1684 458 1748 ohediuut.
514 1683 605 1745 'l'ihi
640 1682 845 1747 Cherubim
875 1695 910 1746 et
936 1686 1134 1768 Seraphim

69 1769 294 1831 exultanter
323 1768 516 1829 adsistunt
544 1777 572 1829 et
599 1768 752 1849 deinceps:
786 1768 945 1830 Saluum
981 1773 1042 1834 iac
1071 1793 1137 1852 pe·

68 1854 198 1936 puinur
221 1861 323 1913 turur
345 1853 491 1914 domiue
510 1862 547 1912 ut
574 1853 694 1933 simus
724 1851 938 1933 participes
959 1856 1138 1918 haeredi·

72 1937 166 2000 tetis
187 1934 268 1998 iiiii
289 1936 355 1997 tui.
404 1936 450 1998 Et
476 1956 567 2017 rege
594 1955 661 1998 uos
689 1945 723 1997 et
750 1936 897 1997 custodi
926 1957 994 2000 uos
1015 1938 1051 1999 iu
1072 1958 1136 2000 ee·

69 2035 225 2085 toruum.
269 2020 340 2081 Per
358 2021 537 2100 ninguine
557 2020 653 2098 dies,
674 2041 692 2082 o
715 2021 791 2101 pia,
812 2029 846 2081 te
866 2020 1136 2085 salutamus‘et

52 2110 232 2171 tanum
259 2112 295 2165 te
322 2104 494 2187 cupimus
522 2125 640 2187 rusque
667 2105 702 2168 in
731 2114 924 2167 aeteruum
953 2115 1073 2169 mente
1101 2118 1135 2169 ot

67 2212 160 2255 voce
198 2188 369 2271 viguere
390 2188 652 2253 deicisMaria
672 2208 767 2252 unna
787 2198 983 2274 etsempcr
1002 2191 1136 2255 nosri-

66 2273 524 2340 nedeIietocouserrere.
544 2273 808 2354 Miserorcpia
827 2275 954 2355 nohis,
976 2275 1136 2340 misere-

66 2380 114 2428 rc
132 2358 248 2427 nuliis.
290 2359 375 2424 Fiat
398 2358 667 2422 misericordia
695 2369 910 2442 tuasuagua
931 2361 1133 2425 uohioonrn.

67 2447 167 2525 Quia
188 2447 225 2507 ir
248 2453 283 2506 te
304 2446 413 2525 virgo
435 2444 560 2507 Maria
580 2445 822 2510 confidimns.
874 2446 913 2509 iu
933 2453 968 2509 te
989 2445 1136 2510 duleis·

66 2530 166 2593 sime
186 2529 309 2604 Maria
328 2530 548 2612 speramus,
573 2550 639 2592 uos
660 2530 846 2592 defendes
866 2529 904 2594 iu
924 2539 1131 2597 aeteruum

65 2616 124 2679 're
145 2617 250 2676 decet
272 2616 372 2696 iaus,
402 2621 436 2675 te
463 2616 573 2677 decet
599 2613 814 2696 imperium,
842 2613 915 2676 tihi
942 2616 1071 2679 rirtes
1099 2624 1134 2677 et

67 2700 204 2782 gioria
231 2700 268 2759 iu
302 2700 461 2763 saecula
495 2697 792 2780 cruentarunt)
846 2699 905 2761 eoo
932 2700 1132 2781 mausitpre-
1189 2713 1201 2726 ‘
1258 2743 1261 2752 -
1327 2737 1332 2748 ·

66 2786 145 2845 catio
166 2785 296 2866 priuatae
323 2783 484 2848 deuotionis
513 2803 599 2863 quorun
634 2801 697 2844 earu
732 2784 764 2844 iu
791 2783 869 2847 cortu
897 2785 1133 2865 perhiieoercie·

65 2869 115 2931 sia
135 2889 280 2949 uunquam
302 2870 393 2948 quoad
421 2870 512 2931 suiaru
534 2869 659 2931 admisit.
707 2869 808 2948 Neque
836 2888 963 2950 nuquam
991 2870 1134 2951 probarit,

68 2972 145 3034 quae
165 2954 299 3015 homiues
325 2952 413 3015 nimis
433 2954 573 3034 reiigiosi
601 2953 649 3017 uei
677 2953 870 3033 superstitiosi
892 2954 928 3016 de
949 2955 1060 3018 cantico
1080 2976 1134 3015 no·

66 3052 130 3101 stru
152 3048 323 3100 enarrat-aut
343 3039 485 3100 miracula
506 3048 591 3120 utque
611 3037 754 3120 prodigia.
804 3037 862 3102 vix
892 3047 920 3103 et
940 3059 978 3101 ue
997 3039 1050 3104 rix
1069 3037 1135 3119 qui-

66 3126 133 3185 dem
157 3142 175 3183 a
197 3123 392 3185 «devotissimis
419 3122 590 3187 Sanctorum
625 3123 785 3185 cultoribus
811 3122 881 3185 ferri
910 3133 1022 3204 potest,
1058 3126 1132 3203 quud

65 3210 196 3269 referrent
217 3209 252 3268 de
274 3210 359 3269 eureio
373 3207 405 3269 S.
429 3207 583 3287 Augustini
610 3206 745 3287 Lugduni
774 3208 805 3268 iu
834 3209 956 3288 capsula
976 3224 1066 3268 aurea
1087 3208 1134 3267 rei

65 3293 237 3378 crystallina
276 3303 441 3368 asserente,
482 3311 547 3356 enin
583 3291 727 3354 intonetur
768 3293 894 3373 hymnus
928 3290 984 3353 Te
1017 3290 1132 3356 Deam
1208 3337 1212 3350 ,

68 3378 213 3458 palpitare
241 3387 275 3439 'et
305 3377 387 3458 perusi
424 3376 605 3455 impatienter
638 3375 746 3438 mirare
781 3378 817 3437 ad
852 3374 952 3438 laudes
984 3375 1047 3437 Dee
1075 3391 1134 3435 nnn

65 3483 135 3524 euru
171 3462 303 3524 hilehihus
331 3460 507 3523 Christianis
540 3459 729 3524 exhibendus.
787 3459 913 3535 (Ludos.
941 3460 976 3520 de
1008 3458 1134 3537 Angelis

65 3549 104 3607 de
124 3545 191 3608 Vita
211 3545 244 3609 S.
262 3549 388 3626 August.
411 3546 461 3608 tit.
481 3543 531 3606 Vi.
557 3564 585 3607 e.
605 3547 636 3606 5.
665 3543 855 3625 Eugelgrure
887 3544 1037 3606 Pantheon
1061 3544 1081 3608 Ι.
1104 3565 1133 3621 p.

64 3631 154 3704 2377.
197 3632 255 3694 Sed
276 3633 341 3711 quiid
370 3632 442 3692 haec
469 3628 543 3691 mira
563 3628 655 3690 saurti
676 3630 768 3708 patris
789 3627 896 3690 laetitia
916 3631 952 3690 sd
972 3627 1135 3707 Delphinus

66 3715 180 3778 Schutti
202 3715 342 3793 hestritae,
369 3715 507 3795 hymnum
530 3713 675 3776 Ambrosii
697 3713 918 3780 decantantem?
957 3713 1135 3792 „Agmina-

68 3803 122 3868 tine
147 3811 316 3875 aecurrunt,
350 3798 514 3861 naeieniam
536 3797 763 3876 circumastant,
800 3797 830 3859 iu
857 3798 948 3858 eitum
969 3798 1134 3872 subsiiiuut,

65 3884 241 3948 comitantur
262 3887 297 3944 ad
319 3883 521 3962 longissimum
542 3881 698 3962 spatiumi‘
750 3881 874 3960 (Schotti
896 3881 1022 3964 Physica
1048 3900 1135 3944 sacra

66 3993 97 4052 p.
122 3970 227 4049 lese.)
270 3970 313 4032 No
340 3979 436 4031 tarueu
465 3967 609 4047 glorietur
628 3966 753 4028 ecthesin
773 3965 819 4031 oui
840 3965 913 4029 nihil
936 3968 1033 4047 magis
1054 3965 1133 4026 cordi

68 4062 114 4117 est
133 4072 220 4135 quarn
243 4065 273 4116 nt
300 4073 413 4115 emnem
434 4050 648 4134 superstitionis
675 4051 840 4133 ruhigiueru
867 4052 1016 4131 detergat,
1043 4050 1135 4113 silen-

68 4140 110 4203 tie
140 4160 196 4201 nou
221 4139 503 4221 praetermittendum
524 4136 634 4200 rnirnuu
650 4137 884 4200 Lutheranorunr
897 4132 1137 4209 Chronootiehou.

67 4257 377 4273 ,η-ι--ι--α-

144 4327 173 4395 *i
189 4326 232 4384 (ii.
249 4326 353 4414 Cornea
368 4330 489 4414 Prompt:
506 4324 599 4395 Mega.
618 4322 727 4381 carhet.
745 4327 845 4380 Decet.
862 4342 892 4396 p·
911 4325 971 4381 1⁷7.
