2809 4850
750 386 818 460 ba

205 636 208 645 ¹
248 566 372 627 Sacrum
392 562 447 626 Ilei
470 561 639 646 mysterium
809 564 848 626 Et
866 582 920 625 uos
942 562 1103 645 psallamus
1124 561 1228 639 spiritu

246 650 324 711 Puro
347 656 474 710 tenentes
496 659 627 729 pectore,
709 688 713 693 -
808 650 1005 710 Adhaerentcs
1027 648 1177 727 apostolis.
1282 648 1319 714 la

251 733 327 795 Petri
348 733 481 811 magistri
504 733 636 813 raguelem
696 753 699 757 ·
809 732 866 808 Quoi
886 732 1002 813 plantas
1021 734 1115 793 adhue
1135 732 1246 797 debiles

248 817 340 898 Signo
362 818 466 880 salutis
487 818 639 898 proditam.
807 816 917 879 Christi
940 817 1042 880 virtute
1064 815 1202 898 dirigant.

329 1050 525 1112 Thomasius:
545 1050 591 1112 Eu
608 1049 680 1113 cod.
701 1049 896 1112 uetustissimo
918 1046 997 1126 Reg.
1019 1044 1152 1109 Sueciue.
1194 1045 1240 1109 lt
1263 1068 1314 1109 uo-

244 1154 313 1199 uam
340 1135 549 1214 praescribitur
568 1136 703 1215 'Hymnus
725 1135 780 1196 iste
808 1134 837 1194 in
866 1132 951 1194 Alex.
978 1135 1026 1194 ll.
1053 1130 1083 1191 in
1115 1151 1171 1209 quo
1194 1132 1311 1213 incipit:

244 1223 462 1284 Perfectum
478 1220 823 1283 trinumnumerum
838 1229 892 1279 etc.
913 1213 1087 1297 Cod.0.-
1103 1214 1210 1278 Thom.
1227 1238 1316 1296 per·

244 1309 344 1369 fecto
373 1307 473 1366 trino
501 1325 666 1370 noluero.
718 1307 749 1367 5.
778 1305 813 1366 0.
841 1300 991 1381 regula.
1039 1298 1313 1379 eaprooita

244 1393 296 1455 ll.
317 1390 352 1452 0.
373 1391 523 1453 habent.
568 1390 617 1450 12.
637 1389 747 1451 Thom.
766 1385 952 1467 dirigunt.
979 1419 1022 1431 -
1050 1387 1081 1446 8.
1107 1384 1171 1447 Act.
1200 1385 1257 1463 lll,
1286 1390 1313 1450 1.

241 1475 346 1536 Petrus
368 1486 396 1537 et
416 1475 539 1537 loannes
560 1476 752 1536 ascendebant
773 1473 804 1534 in
825 1471 967 1552 templum
988 1470 1024 1531 ad
1045 1469 1149 1532 horam
1174 1471 1314 1532 orationis

138 1580 139 1587 ’
241 1580 359 1625 nouam·

634 1770 930 1782 *wrm-0..-

688 2055 860 2125 XXXVII.

566 2199 716 2287 Hpmmae
736 2201 782 2264 ad
805 2198 981 2263 Christum.

236 2332 352 2397 Christe
372 2354 428 2396 rex
449 2335 522 2397 coeli
543 2336 673 2419 domine,
799 2333 845 2396 'l’e
865 2331 1013 2394 seniorum
1034 2329 1204 2414 murltiturlo,

210 2414 339 2480 ¹Monadi
360 2419 489 2481 salvator
511 2421 654 2500 maxime,
797 2419 849 2481 Bis
869 2418 1017 2479 duodenus
1038 2438 1192 2498 numerus,

212 2503 293 2580 ¹Qui
314 2502 445 2564 noshoe
462 2504 557 2566 orucis
579 2525 697 2571 monere
798 2497 999 2565 odoramentis
1023 2502 1125 2584 plenas
1144 2512 1267 2582 gestans

233 2587 341 2650 Mortis
362 2587 475 2650 solvisti
495 2589 627 2656 erimine.
797 2588 931 2669 Supplex
950 2590 1051 2652 adorat
1072 2599 1199 2668 pateras.

234 2758 280 2818 'l'e
297 2776 374 2818 nune
397 2767 512 2821 orantes
532 2761 696 2840 poscimusr
723 2766 744 2828 ὃ
796 2757 867 2818 Tibi
880 2757 1038 2820 Cherubim
1052 2767 1080 2819 et
1092 2756 1250 2840 Seraphim
1266 2760 1310 2827 25

231 2841 299 2904 Tua
320 2862 474 2906 conserves
488 2859 632 2916 ‘munerat
795 2843 909 2904 Throni
931 2843 1042 2924 paterni
1064 2842 1198 2923 luminis,
1294 2899 1301 2913 ,

232 2926 315 3002 Quone
335 2946 388 3009 per
409 2928 505 3009 legem
528 2930 702 2996 catholicam
795 2926 881 2988 Senis
902 2927 1017 2990 marom
1037 2926 1206 3008 plausibus,

230 3009 350 3074 (iunctis
371 3014 483 3075 donasti
503 3014 650 3095 gentibue.
793 3010 930 3076 Clamore
952 3012 1014 3092 iugi
1035 3022 1202 3093 personant·

161 3255 172 3272 .
228 3180 277 3243 'l'n
299 3183 419 3245 uerbum
440 3182 531 3266 patris
551 3183 662 3246 aeterni
792 3181 917 3246 Sanctus
938 3182 1063 3243 &nctus
1084 3179 1210 3244 Sanctus

229 3264 287 3328 Ore
308 3261 404 3330 divino
425 3269 538 3344 editos,
700 3270 742 3336 10
790 3264 938 3330 Dominus
954 3265 1035 3329 Dens
1056 3265 1203 3341 Sabaoth,
1264 3264 1310 3332 30

225 3349 308 3414 Deus
329 3372 368 3414 ex
392 3351 451 3414 Deo
474 3354 636 3417 subsistens
792 3352 884 3413 Omne
907 3352 1019 3414 coelum
1041 3363 1127 3431 atque
1149 3361 1228 3413 terra

225 3435 403 3519 Unigenitns
423 3437 513 3503 filins.
790 3437 859 3500 Tua
878 3448 946 3501 sunt
965 3437 1055 3518 plena
1074 3434 1181 3516 gloria.

224 3605 270 3667 'l'e
291 3607 429 3674 uniuersa
449 3618 583 3671 ereatura
788 3606 941 3670 Hosiamre
959 3604 1000 3668 lili
1021 3600 1133 3683 navia,

224 3689 327 3753 Mundi
347 3696 455 3756 fatetur
475 3695 633 3760 domiuum.
786 3691 960 3754 Benedictus
982 3711 1014 3753 es
1035 3709 1054 3751 a
1073 3690 1161 3751 Patre

223 3772 308 3836 lassu
330 3778 421 3856 putris
440 3779 575 3841 inchoata
695 3779 736 3843 15
787 3775 845 3852 Qui
866 3776 897 3837 iu
917 3775 1034 3838 nomine
1053 3774 1110 3835 Dei

225 3855 301 3918 Tuis
321 3863 449 3938 perlecta
471 3862 593 3927 uiribus.
786 3859 899 3925 venisti
919 3862 954 3923 de
977 3859 1100 3923 excelsis
1120 3856 1246 3922 domine.

224 4022 293 4086 'riti
316 4045 416 4091 omncs
438 4038 466 4090 et
486 4029 586 4111 angeli
787 4029 836 4093 'Pu
858 4050 954 4113 ugnas
975 4026 1180 4092 immaculatus

222 4106 386 4176 coelestem
398 4122 545 4196 praestant
557 4114 692 4199 gloriam,
785 4116 828 4179 Es
850 4117 934 4178 datus
955 4125 1051 4179 terrae
1069 4113 1188 4176 uictima

222 4193 269 4258 'I's
290 4196 397 4262 chorum
416 4200 660 4282 erebmgelorum
786 4199 845 4278 Qui
866 4210 1033 4264 sanderum
1053 4197 1227 4261 uestimenta

220 4278 336 4346 Dirinis
355 4284 474 4349 laudent
495 4287 624 4354 uocibus.
691 4288 735 4353 20
785 4287 852 4349 Tuo
873 4285 971 4351 lavisti
990 4283 1145 4366 sanguine.
1257 4279 1310 4348 4⁰
