2809 4850
740 375 855 524 [ἰὼ

745 600 866 698 Lxlv.
1059 675 1081 690 Γ

421 749 461 823 S.
478 752 640 817 casimiri
660 715 813 834 Hymnus
831 742 886 804 Do
905 742 1018 805 Beato
1039 738 1213 840 Virgine.

354 873 443 941 Omni
462 872 510 935 ulie
531 869 577 933 dio
597 867 714 933 Murice
735 881 802 926 meo
828 861 930 924 laudes
957 859 1071 925 onina:

104 1043 117 1062 .
218 974 222 978 '
315 961 391 1027 liius
411 961 504 1037 lesia,
525 955 590 1018 eius
611 961 696 1034 gesta
718 950 782 1011 colo
803 945 1048 1028 splendidissimo
1090 985 1093 990 ·

359 1041 566 1125 corumplaro
587 1049 616 1102 et
635 1038 743 1101 miron
763 1035 827 1096 eius
849 1030 1084 1122 celsitudinem:-

317 1132 375 1196 Dic
394 1130 510 1193 felicem
531 1122 720 1206 genitricem,
739 1118 786 1181 dic
807 1120 921 1179 boumn
941 1114 1109 1196 virginem,

360 1217 461 1296 Ipsum
480 1211 565 1287 cole,
584 1220 616 1270 ut
634 1211 669 1268 de
690 1204 768 1267 mole
790 1200 941 1268 criminum
963 1209 991 1260 te
1011 1199 1142 1260 liberere
1174 1265 1176 1270 .

318 1302 406 1366 Hero
426 1295 563 1378 appelle,
584 1313 621 1355 os
643 1287 773 1371 poticella
793 1287 931 1350 vitiorum
952 1294 1090 1364 superet..
1122 1337 1124 1341 .

345 1385 445 1447 ‘Haec
466 1396 590 1460 persona
610 1376 696 1439 nolis
718 1376 794 1434 douo
813 1371 934 1442 contulit
954 1368 1117 1438 caelestiae

323 1470 406 1536 Heec
426 1463 544 1545 Regino
565 1481 620 1524 uuo
641 1458 740 1521 diriou
760 1456 919 1519 illustravit
938 1454 1051 1534 gratio..

365 1553 484 1631 Linges
505 1565 589 1623 meu,
611 1546 657 1608 dic
678 1544 819 1624 trophoeo
838 1540 965 1620 virginis
986 1556 1175 1618 puerperae:

324 1638 408 1716 Ques
430 1633 579 1711 iolliotrm¹
591 1628 777 1692 maledictum
800 1624 874 1688 miro
893 1624 1034 1694 ‚transient
1054 1642 1189 1703 genere.

367 1719 439 1782 Sine
462 1717 519 1780 due
539 1716 587 1777 dic
609 1714 743 1794 Reginae
765 1710 864 1774 mardi
887 1711 1005 1772 laudum
1027 1709 1169 1776 cantica:

325 1804 423 1870 Huius
444 1805 520 1864 luna
541 1819 656 1880 semper
676 1816 768 1875 soou,
789 1815 905 1874 semper
926 1793 1008 1855 illum
1030 1793 1190 1873 praedica.

370 1889 480 1952 Omnes
501 1884 557 1948 mei
579 1903 685 1946 seusus
706 1882 733 1944 ci
755 1883 908 1962 personate
929 1878 1066 1966 glorium.

327 1974 520 2054 Frequentute
541 1978 600 2032 tam
623 1969 725 2029 beatae
745 1965 879 2045 Virginis
898 1962 1080 2026 memoriam.

371 2057 481 2120 Nullos
501 2063 579 2116 certe
600 2062 659 2115 tum
680 2052 806 2113 disertae
825 2058 905 2112 extat
926 2048 1131 2127 eloquentiae,

330 2141 389 2222 Qui
412 2141 572 2219 condignos
594 2145 708 2218 premat
728 2138 853 2218 hymnos
874 2131 937 2194 eius
958 2132 1171 2194 excellentiae.

373 2227 481 2288 Omnes
502 2223 634 2299 laudent,
655 2221 731 2282 nude
752 2222 896 2300 gandent,
923 2217 1049 2278 Mutuum
1071 2210 1304 2293 Deilirgirer:

332 2310 440 2375 Nullus
462 2308 572 2389 tingat,
593 2307 667 2387 qnod
689 2306 814 2384 attinget
830 2303 893 2366 eins
914 2301 1131 2364 celsitudinem.

374 2396 468 2459 Nemo
490 2392 581 2470 dicet,
603 2401 742 2472 quantum
761 2390 843 2467 licet,
864 2387 988 2451 laudans
1008 2388 1072 2451 eius
1094 2383 1221 2453 merita:

331 2480 406 2544 liius
425 2488 528 2542 cuncta
548 2488 616 2540 sont
637 2487 734 2539 creutu
754 2472 855 2536 ditidui
877 2472 1001 2547 subdite.

374 2564 432 2639 Sed
454 2582 591 2639 necesse,
614 2562 689 2643 qued
713 2563 850 2641 prodesse
871 2557 928 2639 piis
948 2565 1062 2629 coustut
1082 2553 1247 2632 mentibus,

244 2646 248 2653 ’
331 2649 372 2712 Ut
391 2648 552 2723 intendam,
574 2648 649 2726 qnod
670 2646 835 2724 impendam
856 2642 1017 2722 meipsius
1039 2642 1192 2702 laudibus.

375 2733 517 2811 Quamvis
539 2731 646 2807 scium,
668 2731 743 2809 qnod
766 2727 892 2790 Mariam
914 2747 999 2804 neore
1020 2724 1112 2805 «liguo
1134 2721 1284 2806 proedioe13

333 2819 450 2881 Tamen
471 2835 564 2878 renus
582 2825 611 2877 et
631 2815 752 2876 insanus
774 2822 833 2889 est,
855 2813 905 2892 qui
927 2832 992 2873 euru
1013 2812 1129 2874 reticet.

378 2899 472 2962 Cuius
493 2900 569 2977 rita,
585 2901 698 2960 eruditu
719 2898 874 2979 disciplina
895 2897 1021 2972 coelica,
1111 2902 1130 2923 '¹

336 2986 518 3065 Argumenta
539 2994 568 3044 et
589 2983 728 3060 figmenta·
748 2982 892 3045 destruxit
913 2980 1071 3049 haeretica.

378 3068 476 3132 liuius
497 3086 594 3129 mores
616 3080 751 3145 tunquam
771 3067 858 3128 flores
881 3075 1024 3128 exornent
1045 3058 1230 3137 Ecclesiam

337 3153 474 3219 Actiones
495 3163 523 3213 et
544 3172 694 3213 sermones
714 3153 818 3212 mirum
838 3160 988 3230 praestent
1008 3150 1150 3229 gratiam.

380 3239 462 3301 Erae
484 3239 593 3299 crimen
613 3236 697 3299 uubis
717 3237 810 3297 limen
831 3237 959 3316 peradisi
982 3235 1146 3305 clauserat:

338 3324 435 3401 Haeo,
457 3322 525 3383 dum
547 3322 637 3382 cr'edit
659 3333 687 3381 et
709 3322 820 3399 obedit,
843 3321 914 3382 coeli
938 3322 1066 3383 claustra
1088 3311 1210 3377 reserat.

380 3408 504 3485 Propter
522 3406 615 3467 Erum
636 3408 724 3468 hemo
746 3424 865 3467 suevum
885 3405 995 3484 aceepit
1014 3402 1204 3466 seutentiam:

337 3493 396 3555 Per
417 3492 545 3552 Murium
566 3491 653 3551 lrulret
674 3491 750 3552 rium
775 3510 848 3569 quiue
870 3492 949 3551 ducit
967 3490 1003 3550 ud
1027 3487 1161 3568 patriam.

354 3642 360 3655 ,
381 3577 464 3638 Haec
484 3576 608 3637 umuuuda
629 3585 658 3634 et
676 3574 821 3636 laudando
842 3576 953 3636 cunetis
973 3571 1158 3654 specialiter:

339 3660 480 3727 venerari
501 3668 530 3720 ct
551 3659 662 3738 prenuri
683 3661 764 3720 decet
787 3660 867 3719 illum
891 3659 1004 3739 iugiter.
1133 3722 1136 3728 ,

385 3746 469 3807 lllum
492 3764 595 3823 poseo,
617 3762 704 3823 qurum
726 3765 870 3825 cognosco
892 3764 980 3824 posse
1001 3759 1123 3824 prorsus
1144 3729 1243 3798 omnia

340 3831 382 3894 Ut
402 3829 507 3891 evellet
529 3836 557 3889 et
578 3828 700 3908 repellat
722 3849 795 3907 quae
816 3840 883 3889 sum
904 3830 989 3891 nulus
1011 3826 1112 3888 noxia.

384 3916 453 3998 ipsa
476 3915 576 3990 donet,
598 3925 629 3974 ut
650 3915 725 3991 quod
748 3925 843 3975 monet
864 3913 1049 3989 natussum,
1073 3907 1191 3975 factumi

341 4001 381 4063 Et
401 3999 483 4061 initu
503 3996 601 4060 curuis
622 3999 697 4074 ritu,
721 3998 1084 4076 lactus'lrune‘aspiciam.

387 4085 601 4147 Onesiorum
623 4083 816 4145 foeminarum
838 4085 925 4145 decus
947 4094 1032 4163 atque
1054 4077 1160 4161 glorio.

344 4172 439 4249 Quum
461 4169 611 4251 preliatum
634 4176 662 4228 et
684 4167 790 4229 elutum
812 4169 920 4230 scimus
943 4162 1157 4247 superomnia.
1205 4233 1211 4249 .

386 4253 523 4316 Clemens
545 4253 628 4330 noui,
652 4264 718 4315 tuue
740 4253 819 4315 laudi
841 4273 914 4334 quos
934 4252 1076 4316 instantes
1097 4238 1235 4323 conspitll·

341 4339 456 4404 Mende
476 4357 542 4402 rcus
565 4348 592 4400 et
612 4339 660 4402 luo
682 4358 734 4402 cos
754 4337 838 4403 lonis
857 4338 962 4420 dignos
985 4328 1111 4401 coelicis.
