2809 4850
1118 374 1162 425 lx

101 541 189 611 ι1ιιιιιι
209 539 343 611 nullum.
391 540 595 633 Hymooruro
620 540 799 621 annones,
823 540 849 608 si
874 558 960 631 quse
982 544 1162 623 eruebam,

100 666 204 713 ornnes
229 644 368 713 adiicere
393 668 414 713 a
435 645 602 735 proposito
624 657 735 713 nostro
761 644 899 713 albanus
921 645 1085 730 duximus3
1108 670 1163 717 ea·
1290 728 1294 737 f

101 769 163 815 rou
187 756 312 817 tanturn
336 766 420 834 quac
451 746 515 815 iam
536 758 611 817 ante
633 747 770 817 Lutheri
794 745 922 815 tuorum
941 758 1080 817 aaaron
1110 771 1163 821 rs·
1187 824 1190 830 ⁴

100 849 212 919 tionem
247 849 367 917 habere
398 850 491 917 nohis
521 848 625 929 licuit,
657 872 794 938 quarum
832 850 1068 937 arttqoiasimao
1088 872 1163 921 cunr
1236 926 1240 943 .

99 952 170 1044 ipris
194 951 290 1027 codd
314 973 473 1021 manuscr.
502 974 607 1043 paens
635 951 752 1027 eodem
783 952 856 1049 loco
887 966 1086 1021 annumero
1105 953 1164 1022 ho·

100 1053 416 1125 beudaesunt.1u
444 1053 493 1123 his
514 1053 719 1144 explorandis
751 1077 823 1123 com
850 1053 1037 1143 Hoffmouni
1058 1053 1165 1127 studia

100 1158 170 1227 nihi
193 1158 330 1227 muitum
355 1156 536 1247 profuerint
554 1152 778 1244 (Gesohichte
804 1156 875 1231 des
884 1154 1064 1245 deutschen
1085 1158 1164 1227 Kir-

100 1259 280 1329 cheniiedes
291 1261 339 1327 his
351 1258 408 1329 aul
419 1259 560 1329 Lutbers
572 1258 655 1326 zeta
687 1259 822 1331 Breslau
840 1257 973 1373 1832),
986 1272 1052 1329 turn
1068 1260 1165 1329 mam
1289 1300 1291 1308 =

100 1364 169 1431 mihi
183 1363 321 1451 coangu
335 1376 370 1429 ut
387 1361 484 1451 (LE.
499 1361 562 1429 Ph.
576 1361 838 1450 Wackernagelii
850 1380 930 1451 opus
945 1362 1091 1433 eximium
1106 1358 1166 1433 nh-

100 1487 154 1555 per
164 1466 196 1532 io
211 1465 314 1533 luceru
329 1463 448 1541 edituro
461 1465 494 1533 io
508 1484 577 1533 rem
591 1484 695 1533 meana
715 1472 904 1537 convertere
925 1486 1053 1553 possem
1079 1462 1167 1554 (Das

100 1566 251 1635 deutsche
272 1565 482 1633 Kirchenlied
503 1589 564 1632 roo
586 1565 702 1635 Martio
723 1566 847 1633 Luthsr
867 1567 916 1635 his
937 1565 992 1633 aul
1013 1568 1166 1645 Nicotaus

101 1668 242 1738 Hermon
263 1667 528 1736 undhmhrosius
551 1667 701 1735 Blaurcr
752 1670 915 1757 Stuttgart
933 1668 1063 1750 1841).

192 1772 263 1840 lam
287 1780 323 1837 ut
335 1770 430 1838 etiam
446 1770 488 1837 de
508 1768 763 1839 adnotationibus
779 1772 879 1838 trihus
894 1770 999 1837 rerhis
1013 1771 1168 1852 dicamus,

103 1895 156 1963 pru
179 1873 317 1942 instituti
345 1873 444 1941 nostri
470 1873 594 1939 ratione
622 1874 813 1940 exclusimus
835 1896 908 1950 ess,
940 1896 1024 1961 quae
1042 1873 1083 1941 ad
1108 1896 1167 1940 au·
1253 1958 1257 1971 ι

104 1985 274 2044 deremet
296 1984 434 2045 aetatem
460 1958 650 2065 iiymoorurn
674 1977 877 2065 pertiueutet
890 1999 973 2063 quae
986 1976 1168 2064 lexicogra-

106 2077 199 2168 qhici‚
231 2078 356 2147 metrici
380 2077 428 2144 rel
442 2078 537 2143 ctiam
553 2077 758 2198 'grammatici
773 2076 903 2165 generis
924 2088 1015 2152 suut
1040 2087 1170 2197 qropte·

109 2200 160 2247 rea
171 2179 257 2270 quod
272 2178 346 2246 illae
361 2201 413 2246 res
427 2202 538 2247 omnes
553 2180 585 2245 ia
600 2179 759 2268 glossario
773 2187 965 2247 tractantur·
956 2156 1170 2269 ,omomoque

107 2281 279 2351 noluimus
270 2304 303 2348 ιιι
323 2279 581 2349 adnotationibus
592 2305 632 2348 ea
654 2282 973 2369 uberiusexponere‚
995 2282 1170 2371 quaesatio

106 2383 288 2455 ridebatur
278 2406 312 2452 ru
328 2383 434 2453 indice
449 2383 760 2452 breviternotarisse.
781 2384 930 2474 Hymnus
943 2395 981 2454 ot
992 2385 1172 2468 adnando·

105 2487 191 2560 nibus
205 2488 354 2558 asceticis
367 2488 597 2556 illustraremus
612 2489 703 2556 nohis
715 2487 814 2556 suasit
828 2488 1171 2570 rirsuuunereverqa-

106 2589 352 2676 dusNichelius.
390 2591 436 2657 Et
449 2589 527 2665 illud
554 2589 682 2679 quidem
705 2589 1038 2678 negotiumiuheoter
1064 2613 1173 2660 susce-

105 2694 275 2784 pimus,
308 2692 334 2759 si
372 2689 479 2762 aubin
495 2692 645 2761 licuisset
702 2691 771 2758 Sed
801 2692 860 2758 nisi
885 2691 1032 2760 brevitati
1055 2715 1173 2781 usquo-

107 2817 229 2886 quuqne
248 2793 387 2862 maxime
408 2793 598 2863 studendum
623 2793 754 2880 fuisset,
780 2794 892 2861 muita.
906 2816 990 2882 qnae
1011 2793 1052 2862 ad
1073 2794 1174 2863 histoss

105 2897 180 2966 riam
217 2896 377 2964 ecciesiae
406 2904 440 2963 et
472 2894 628 2986 dogmata
659 2895 837 2986 pertinent,
873 2897 1033 2985 copiosius
1060 2896 1175 2968 surim

41 3007 42 3010 ’
106 3020 166 3089 que
181 2997 481 3089 explanarimemus.
533 2999 637 3073 Quam
663 2996 778 3066 eadem
799 2997 830 3064 iu
844 3020 880 3065 re
894 2999 1051 3068 rationem
1077 3002 1108 3068 iu
1124 3023 1176 3068 se·

105 3104 213 3190 quenti
240 3099 401 3167 volumine
437 3101 577 3166 secuturi
609 3101 723 3180 ιίιιιιιε,
757 3098 899 3168 nondum
923 3101 1015 3168 nohis
1040 3116 1176 3185 constat,

106 3225 200 3292 quum
223 3213 375 3292 quantum
399 3201 456 3268 sihi
478 3201 605 3291 gratiae
624 3226 705 3294 opus
726 3215 868 3270 nostrum
893 3204 1115 3272 conciliturum
1136 3208 1177 3274 sit

105 3306 245 3375 uooduru
271 3314 468 3396 compertum
494 3303 678 3373 habeamus.

202 3408 274 3477 Iam
301 3429 366 3478 non
393 3406 530 3473 alienum
554 3408 788 3486 autumare,
820 3407 934 3495 quihus
966 3429 1007 3475 ex
1037 3409 1179 3478 lontibus

105 3503 305 3578 hauserimus
354 3509 531 3597 quibusque
568 3511 689 3576 auxiliis
711 3510 771 3575 ‘usi
806 3510 912 3576 simus.
988 3510 1181 3600 Quicunque

104 3605 218 3680 1ιιιιιιι
247 3633 356 3680 rerum
384 3612 477 3701 periti
510 3623 598 3692 suut,
623 3613 645 3679 ii
677 3611 772 3678 facile
797 3611 979 3700 intelligent
1007 3613 1099 3681 nobis
1124 3637 1181 3683 ex·

105 3714 304 3804 spectatione
341 3713 477 3804 plurium
514 3713 648 3781 fontium
684 3712 813 3779 'aditum
859 3735 930 3779 esse
970 3713 1181 3802 patefactum:

105 3815 196 3904 quod
209 3818 259 3884 rix
274 3824 309 3884 et
324 3838 364 3883 ne
386 3815 578 3904 rix'quidem
598 3814 804 3903 contigisset,
830 3815 887 3882 uisi
904 3814 1075 3887 multorum
1097 3820 1182 3888 viro·

103 3938 176 3985 ram
193 3919 394 4009 benignitate
408 3940 449 3984 ac
461 3916 651 3985 liberalitate
664 3918 777 3986 mirum
791 3917 823 3983 io
835 3917 965 3986 modum
982 3919 1081 3991 adiuti
1095 3945 1188 3991 esse

103 4042 190 4090 mus.
242 4022 321 4090 Non
349 4019 476 4109 quidem
508 4017 618 4088 dubito
642 4021 719 4112 quin
749 4019 847 4088 futuri
874 4021 953 4104 siut,
983 4025 1097 4110 qulbus
1124 4039 1185 4094 nu·

103 4143 219 4190 merus
239 4123 388 4194 codtoam
421 4137 564 4230 monac..
595 4146 660 4192 uoo
686 4124 763 4192 satis
783 4145 921 4213 maguus
951 4123 1115 4209 videatur,
1150 4138 1186 4197 et

41 4239 43 4314 l
105 4226 182 4318 ipsc
221 4226 359 4318 maxim
395 4205 491 4298 doleo
523 4207 656 4319 quod
646 4250 681 4297 ιιι
718 4223 916 4318 bibliothecis
924 4226 1186 4335 Vindoboneun
