2809 4850
220 411 299 463 vm
396 450 400 457 ,

137 582 140 591 ’
192 578 350 671 ’Μαι
375 577 418 649 de
449 578 564 649 unns.
625 575 771 647 Primum
806 575 893 667 qaod
908 577 1064 651 ,tonino
1096 575 1198 649 critici
1235 576 1305 647 ola-

226 684 342 755 mitars
366 681 490 760 soient,
526 702 610 770 quae
635 679 691 751 ilia
718 677 894 749 traditione
920 681 962 749 ad
991 690 1132 749 nostram
1164 690 1305 750 aetatem

226 784 447 876 pervenerint,
491 806 531 851 ea
561 783 631 850 fere
656 781 763 849 omnia
800 807 820 851 a
847 807 923 852 reru
961 785 1034 874 pius
1068 782 1211 851 minuare
1246 784 1305 850 ab·

215 886 379 966 burrum,
423 884 457 953 id
496 887 602 977 ipsum
643 885 671 952 si
708 883 882 975 quidquam
917 886 1004 969 aliud
1042 885 1082 953 in'
1118 894 1305 973 controuer-

229 987 499 1070 sinnnoandun
532 995 591 1057 est.
642 988 749 1076 Atque
773 1010 839 1077 ego
860 1012 925 1058 uon
946 988 1057 1056 dubito
1077 986 1243 1061 discedere
1270 988 1305 1069 in

229 1090 418 1173 mutantium
439 1090 506 1159 Iac.
531 1089 695 1171 Gummi,
719 1090 773 1180 qui
803 1092 845 1157 ds
870 1092 1062 1161 carminibus
1081 1092 1117 1159 S.
1143 1089 1307 1161 Ambrosii
1363 1094 1389 1171 ”t

229 1193 279 1275 ‚ita
311 1191 430 1261 iudicat
464 1187 533 1281 (of,
554 1216 586 1282 p.
611 1184 711 1283 XII)
749 1193 935 1273 „Ambrosii
972 1210 1066 1275 vero,
1103 1192 1200 1282 quem
1228 1215 1307 1263 can·
1388 1182 1389 1255 i

230 1294 514 1367 concussissent
543 1294 614 1363 iure
642 1302 769 1384 patrem
795 1296 959 1385 appellare
979 1297 1070 1374 licet,
1108 1318 1173 1363 uon
1195 1317 1308 1362 omnes

229 1420 304 1467 esse
317 1398 372 1487 qui
391 1397 592 1493 Ambrosiani
612 1394 778 1479 dicantur,
803 1397 877 1467 viris
899 1397 1002 1466 doctis
1032 1395 1309 1476 tantumnodo,
1388 1434 1389 1489 f

228 1522 420 1590 quamquam
440 1523 481 1567 ea
501 1499 533 1566 in
558 1497 711 1566 neratde
741 1499 924 1591 discrepant
950 1523 1060 1567 eorum
1081 1498 1214 1584 iudicia3
1240 1522 1308 1567 non
1388 1516 1389 1589 ι

229 1613 337 1673 nmen
360 1611 469 1693 putem
489 1601 683 1693 bymuosA.
703 1600 802 1691 vulgo
824 1602 1022 1693 adscriptos
1048 1599 1106 1668 sed
1131 1624 1194 1669 non
1213 1601 1308 1692 agni-
1388 1594 1389 1681 ζ

230 1715 281 1775 tos
301 1704 343 1772 ab
363 1702 538 1773 editoribus
562 1702 696 1785 criticis,
716 1703 839 1772 tardius
857 1727 952 1794 quam
967 1704 1119 1796 proximis
1143 1715 1308 1821 portuum
1388 1722 1389 1797 g

230 1806 368 1877 sacculis
388 1808 585 1898 compositos
605 1805 722 1885 scisse,
744 1804 827 1874 adeo
850 1829 1021 1927 paremus
1042 1808 1141 1873 ceteri
1158 1792 1310 1897 simplici·

230 1918 329 1981 tatem
345 1906 519 1981 retensum
546 1908 851 1995 Ambrosianorum
864 1909 991 1977 nomiae
1011 1907 1097 1996 (ut
1088 1929 1121 1974 ιιι
1138 1930 1175 1974 re
1196 1909 1309 1976 etiam·
1388 1984 1389 1999 χ

226 2033 314 2082 nuuc
354 2011 431 2079 satis
466 1989 675 2079 controverso
718 2008 794 2101 quid
824 2012 958 2081 sentiam
991 2010 1094 2077 libere
1130 2003 1308 2099 profitear)
1388 2002 1389 2069 f

223 2114 251 2183 ii
280 2112 390 2206 hymni
410 2106 486 2183 mibi
514 2113 670 2182 contineri
689 2111 851 2193 ridentum,
872 2114 927 2201 qui
946 2112 1042 2179 etiam
1057 2110 1209 2201 [proximo
1233 2124 1310 2201 post
1388 2118 1389 2205 i

230 2216 434 2289 Ambrosium
461 2229 607 2307 tempore
639 2216 672 2283 in
705 2215 896 2284 breviarium
932 2212 1198 2299 Mediolanense,
1221 2212 1310 2303 quod

230 2319 326 2389 ritum
350 2320 595 2387 Ambrosianum
616 2318 769 2409 religiose
788 2316 942 2398 serravit,
966 2316 1089 2408 recepti
1112 2327 1194 2383 sunt.
1243 2316 1311 2385 Ve-

231 2431 408 2492 rumunen
433 2421 511 2489 satis
537 2420 692 2492 habenas
721 2418 806 2487 hauc
834 2442 902 2489 rem
932 2418 1046 2488 leviter
1068 2420 1232 2509 tetigisse,
1265 2417 1310 2487 ad

231 2545 326 2614 quam
345 2521 604 2613 pertractandam
624 2519 796 2611 aliquando
810 2530 988 2591 revertetur
1007 2520 1189 2612 disputatio.
1238 2520 1310 2590 Iam
1388 2551 1389 2586 1

232 2624 387 2696 addamus
398 2624 535 2702 ,alteram
547 2646 689 2703 causam,
705 2646 762 2691 our
774 2624 807 2690 ia
822 2621 1017 2692 adornandis
1031 2622 1224 2691 carminibus
1236 2646 1310 2694 eam

45 2763 50 2770 ·
96 2751 100 2768 ¹
199 2785 202 2794 .
230 2750 328 2819 quam
344 2725 478 2796 diximus
492 2713 626 2796 instituti
641 2725 797 2793 rationem
813 2726 913 2793 secuti
932 2725 1038 2793 simus
1088 2724 1175 2794 Nam
1199 2747 1312 2794 omnes
1388 2797 1389 2804 χ

232 2830 286 2921 qui
318 2828 352 2897 in
389 2828 500 2898 studiis
523 2826 757 2921 hymnologicis
786 2836 953 2898 versantur
978 2850 1043 2895 non
1076 2839 1211 2918 possunt
1234 2830 1313 2918 quin

232 2932 412 3022 inquirant,
451 2954 536 3023 quae
569 2931 684 3030 cuique
717 2939 836 3024 poetae
875 2932 1017 3000 carmina
1041 2928 1221 3012 traditione
1252 2932 1312 3000 tri·

134 3042 138 3050 “
175 3093 190 3108 i
234 3037 399 3104 boantur

333 3136 396 3205 Vix
425 3146 534 3206 autem
551 3131 713 3245 estquod
738 3157 952 3204 memoramus
976 3133 1009 3202 in
1037 3132 1163 3226 hymnis
1189 3134 1310 3202 exson-

118 3270 123 3283 ·
233 3236 348 3307 bendis
362 3261 420 3312 nos
441 3225 615 3310 codicum
607 3231 909 3331 manuscriptorum
933 3248 967 3307 et
986 3236 1140 3304 librorum
1164 3236 1314 3305 vetustis·

233 3341 383 3412 timorum
405 3343 627 3412 auctoritatem
650 3350 778 3410 secutos
802 3364 892 3420 esse,
917 3349 1026 3431 spreto
1047 3339 1215 3407 Breviorio
1239 3338 1313 3406 Ro·

96 3489 104 3514 2
232 3466 328 3511 mano
346 3444 466 3535 quippe
487 3442 574 3533 quod
597 3445 777 3513 smoenties
799 3439 1002 3510 emendatum
1024 3442 1074 3510 sit.
1125 3440 1193 3509 Sed
1213 3461 1313 3531 quum

233 3545 280 3614 illi
312 3546 388 3627 riri,
425 3547 477 3636 qui
511 3546 650 3617 metricis
675 3545 866 3636 pierumque
894 3542 941 3613 de
972 3544 1076 3614 causis
1114 3543 1216 3612 critici
1235 3565 1315 3634 par-⁷

232 3656 283 3715 tes
316 3658 542 3737 susceperunt,
573 3647 629 3718 iilo
661 3647 795 3737 negotio
826 3645 1008 3716 felicissimo
1033 3669 1132 3736 saepe
1160 3667 1316 3715 successu

232 3749 266 3818 in
293 3751 380 3820 brer.
395 3751 546 3820 Romanu
571 3750 713 3820 defuncti
737 3750 816 3831 sint,
840 3772 964 3840 uosque
984 3747 1168 3817 thesaurum
1188 3747 1318 3834 buncca

233 3852 329 3921 etiam
362 3854 508 3930 omnibus
533 3853 689 3922 ecciesiae
717 3852 890 3922 Romanae
911 3850 1047 3922 addictis
1070 3863 1222 3942 tauquam
1252 3850 1316 3919 do·

234 3976 310 4022 num
340 3945 515 4024 fraternum
547 3956 740 4035 offeramus,
770 3955 891 4023 factum
928 3964 978 4023 est
1010 3966 1047 4022 ut
1077 3953 1213 4044 bymnos
1244 3954 1319 4048 sere

233 4078 346 4125 omnes
389 4056 486 4124 etium
531 4057 614 4125 tales
660 4055 773 4148 quales
812 4057 910 4126 Brer.
949 4057 1133 4130 Romanum
1180 4056 1325 4147 praebet

234 4156 463 4254 describendos
501 4178 706 4230 curaremus:
753 4159 867 4230 saltem
897 4159 1087 4251 hymnorum
1116 4181 1229 4227 eorum
1260 4161 1320 4248 qui

234 4270 311 4334 autc
340 4285 457 4342 uncum
485 4262 565 4335 MD.
595 4264 629 4334 iu
661 4260 761 4333 Brer.
777 4263 962 4334 Romanum
989 4263 1112 4356 recepti
1137 4271 1213 4357 runt
1234 4261 1319 4336 omi·
1388 4343 1389 4350 χ
